3611 5264
1290 357 1372 410 De
1408 354 1771 411 incubatione
1812 356 2136 411 christiana.
2943 358 3027 421 89

417 523 754 588 nonnullae
798 543 988 604 usqae
1032 522 1249 599 adhuc,
1296 525 1409 588 aat
1450 542 1525 587 ex
1569 522 1822 586 veritate
1867 542 1941 585 ac
1993 542 2084 600 re,
2129 520 2190 587 si
2242 543 2368 603 qua
2416 523 2576 604 forte
2627 543 2832 587 recens
2878 524 3035 587 acci-

420 623 610 687 disset
617 641 639 699 ,·
705 623 913 702 itaque
975 621 1244 685 locorum
1299 619 1488 684 etiam
1542 620 2060 702 appellationibus
2123 620 2359 685 additis
2412 621 2685 703 proponi
2747 620 3033 686 solebant.

417 721 508 786 sic
559 724 713 784 certe
766 720 1040 784 collectae
1092 719 1407 800 editaeqae
1459 715 1532 805 sse
1593 718 1840 796 habent,
1905 740 1980 784 ex
2042 718 2262 800 quibus
2327 740 2452 784 non
2518 719 2794 784 alienum
2844 721 3039 802 fuerit

417 839 614 884 unam
668 823 726 882 et
777 817 1040 882 alteram
1093 817 1357 900 exempli
1421 837 1613 883 causa
1675 818 1762 882 ad
1829 816 2078 898 verbam
2139 818 2382 899 referre.
2467 816 2717 883 ‘aestivo
2774 822 3037 900 tempore
3128 825 3139 828 ”

417 918 819 983 adolescentes
862 916 1094 981 urbam·
1140 936 1280 981 cam
1334 914 1575 981 Ostiam
1629 916 1957 994 venissent,
2015 914 2164 980 litus
2217 916 2482 997 inyressi
2528 916 2868 997 piscatores
2913 920 3038 980 tra-

417 1017 622 1081 hentes
666 1019 789 1080 rete
833 1014 1125 1079 adierant
1167 1019 1225 1078 et
1254 1015 1651 1097 pepiyerimt,
1707 1014 1912 1078 bolum
1965 1013 2188 1095 quanti
2232 1018 2533 1090 emerent,·
2579 1034 2866 1079 nummos
2918 1013 3037 1079 sol-

417 1119 664 1191 verant;
712 1114 824 1178 dia
867 1118 1374 1195 exspectaverant,
1423 1114 1574 1178 olum
1617 1114 1778 1177 retia
1824 1112 2315 1190 extraherentar;
2362 1113 2702 1193 aliquando
2748 1114 3038 1177 extractis

407 1214 609 1296 piscis
651 1212 862 1277 nullas
906 1211 1124 1294 infuit,
1169 1211 1277 1277 sed
1319 1216 1532 1293 sporta
1585 1211 1733 1275 auri
1777 1211 2008 1275 obsata.
2066 1216 2195 1275 tum
2249 1215 2543 1292 emptores
2598 1210 2800 1275 bolum
2853 1231 3037 1275 suum

420 1313 627 1389 aiant,
682 1311 1022 1394 piscatores
1083 1308 1353 1375 saum.'“
1450 1307 1650 1373 Vides
1715 1308 1918 1395 igitur
1983 1307 2418 1392 Sophronium
2475 1308 2543 1373 in
2598 1308 3035 1392 componendo

421 1410 499 1474 de
547 1432 673 1493 quo
722 1431 915 1493 supra
959 1407 1299 1472 retulimus
1344 1406 1653 1472 miraculo
1700 1407 1904 1472 veteri
1950 1406 2281 1471 rhetorum
2338 1407 2806 1471 controversiae
2853 1429 3038 1492 argu-

419 1509 635 1571 mento
682 1527 871 1570 usum
919 1526 1082 1590 esse3
1130 1527 1256 1587 qua
1303 1527 1382 1568 ex
1425 1528 1494 1569 re
1533 1506 1853 1589 quomodo
1893 1506 1972 1570 de
2009 1504 2334 1569 miraculis
2382 1504 2514 1570 illis
2552 1505 2621 1568 in
2666 1504 3038 1569 universum

423 1605 508 1669 sit
555 1603 968 1668 iudicandum
1013 1602 1172 1666 satis
1219 1601 1443 1667 elucet.
2750 1594 2754 1598 ⁵

599 1700 724 1767 Sed
752 1701 833 1765 ad
863 1705 1116 1765 sanctos
1145 1701 1321 1784 ipsos
1352 1723 1699 1785 eorumque
1729 1702 1977 1767 cultum
2017 1701 2236 1767 oculos
2273 1705 2532 1766 nostros
2572 1705 3038 1766 convertamus,

419 1801 571 1867 Non
616 1823 653 1864 a
698 1799 1014 1884 principio
1065 1796 1269 1881 Cyrus
1319 1803 1382 1863 et
1426 1797 1698 1865 Ioannes
1746 1823 1821 1865 eo
1867 1800 2010 1865 loco
2059 1800 2498 1884 quiescebant,
2555 1799 2666 1882 qui
2712 1798 3039 1864 miraculis

421 1922 642 1963 eorum
687 1902 913 1982 postea
959 1897 1275 1963 inclaruit.
1366 1898 1754 1964 Diocletiani
1810 1899 2208 1984 temporibus
2225 1896 2277 1987 ¹)
2336 1920 2481 1963 cum
2529 1896 2838 1982 Syrianus
2894 1894 3039 1961 Ale-

420 1997 754 2061 xandriam
802 1996 1187 2082 gubernaret
1199 1995 1271 2084 2),
1320 1994 1525 2081 Cyrus
1573 2002 1636 2061 et
1683 1996 1974 2080 IoanneS,
2020 1998 2127 2062 hic
2172 1997 2359 2062 miles
2410 1997 2669 2061 civitate
2713 1995 3041 2060 Edessena

425 2095 735 2160 oriundus
748 2092 800 2180 3)
812 2146 829 2178 ,
876 2094 986 2159 ille
1041 2095 1240 2160 abbas
1302 2096 1378 2160 de
1439 2096 1698 2160 civitate
1757 2094 2213 2182 Alexandria4)
2275 2100 2339 2160 et
2393 2094 2758 2162 medicinali
2814 2098 2948 2159 arte
3005 2117 3042 2158 a

427 2194 756 2277 primaevo
833 2193 1119 2257 eruditus
1132 2191 1212 2280 ⁵),
1286 2217 1324 2258 a
1395 2195 1691 2280 paganis,
1775 2196 1927 2278 quia
2001 2193 2242 2260 Christi
2322 2217 2559 2259 nomen
2638 2194 3041 2275 nuntiabant,

422 2293 595 2376 capti
606 2290 688 2379 6),
735 2315 773 2356 a
821 2290 1090 2375 Syriano
1146 2292 1342 2356 variis
1397 2294 1736 2357 tormentis
1792 2294 2034 2358 frustra
2087 2293 2395 2358 adhibitis
2453 2292 2683 2376 capitis
2739 2292 3041 2375 damnati,

422 2390 658 2455 iudicio
734 2392 958 2455 effecto
1021 2391 1090 2454 in
1155 2391 1358 2454 sancti
1413 2390 1615 2455 Marci
1670 2414 1848 2456 sacro
1910 2390 2346 2457 Alexandrino
2419 2390 2734 2455 reconditi
2809 2393 2959 2454 sunt
2970 2387 3040 2472 ⁷)

420 2488 658 2553 Postea
694 2511 845 2553 vero
884 2488 1267 2571 imperatore
1296 2488 1659 2553 Theodosio
1697 2489 1965 2574 Minore,
2005 2491 2304 2575 episcopo
2333 2488 2759 2554 Alexandriae
2799 2486 3040 2572 Cyrillo

422 2609 693 2672 corpora
757 2609 978 2652 eorum
1044 2609 1078 2651 e
1142 2587 1344 2652 Marci
1405 2608 1583 2653 sacro
1645 2587 1714 2653 in
1770 2587 1985 2654 vicum
2045 2588 2376 2654 Menuthis
2438 2586 2836 2656 sollemniter
2890 2589 3043 2653 sunt

421 2685 735 2751 translata
749 2683 820 2772 8).

609 2899 661 2968 1)
698 2915 749 2951 v.
805 2895 961 2950 Petri
1011 2896 1484 2966 Parthenopensis
1537 2897 1866 2952 Passionem
1926 2898 2055 2968 Cyri
2101 2901 2159 2953 et
2207 2899 2432 2954 Ioannis
2484 2900 2630 2969 Spic.
2678 2898 2837 2952 Rom.
2884 2899 2925 2951 t.
2963 2897 3042 2951 IV

423 2997 476 3048 p.
510 2983 629 3032 269.
662 2983 784 3031 270.
843 2979 1252 3047 Διοκλητιανοῢ
1280 2977 1347 3032 τὰ
1370 2975 1657 3048 Ῥωμαίων
1685 2987 1936 3049 σκῆπτρα
1966 2978 2262 3044 διέποντος
2292 2980 2383 3050 Sp.
2417 2980 2482 3035 R.
2513 2980 2593 3034 IV
2621 2984 2725 3033 234
2755 3006 2822 3024 =
2850 2977 3043 3047 Migne

421 3077 476 3128 p.
508 3064 644 3113 3681
666 3060 728 3114 Β.

602 3140 654 3208 2)
694 3138 963 3209 Syrianus
999 3145 1170 3206 „tunc
1206 3158 1246 3194 a
1271 3139 1574 3208 praedictis
1602 3140 1956 3208 principibus
2002 3139 2376 3210 (Diocletiano
2416 3143 2474 3195 et
2522 3138 2889 3210 Maximiano)
2927 3140 3042 3194 illis

424 3221 487 3273 i‘n
515 3222 774 3289 partibas
810 3220 887 3274 ad
922 3221 1348 3275 christianorum
1383 3238 1563 3277 ‘necem
1598 3221 1891 3276 ordinatas
1928 3226 2081 3276 erat“
2119 3221 2264 3291 Spic.
2293 3221 2453 3276 Rom.
2484 3221 2562 3276 IV
2591 3227 2710 3275 271.

603 3302 656 3369 3)
694 3300 770 3354 ib.
802 3300 881 3354 IV
909 3305 1029 3354 271.
1070 3300 1405 3371 στρατιώτης
1443 3301 1744 3372 ἐτύγχανεν
1782 3300 1872 3370 Sp.
1904 3301 1968 3354 R.
1998 3301 2076 3354 ΙΙΙ
2104 3305 2172 3356 28
2201 3329 2269 3348 ---
2297 3302 2489 3372 Migne
2525 3320 2579 3371 p.
2612 3306 2750 3355 3392
2777 3300 2834 3356 C.

602 3381 657 3448 4)
696 3380 788 3449 Sp.
819 3380 883 3434 Β.
914 3380 992 3434 IV
1019 3386 1140 3435 270.

603 3460 656 3529 5)
694 3459 772 3517 ib.
812 3459 1003 3528 ἰατρὸς
1038 3459 1141 3529 τὴν
1176 3458 1377 3533 τέχνην
1416 3460 1507 3531 Sp.
1538 3462 1602 3516 Β.
1633 3460 1711 3514 IV
1740 3467 1841 3515 231
1874 3488 1941 3506 --
1969 3460 2163 3530 Migne
2199 3478 2253 3529 p.
2285 3465 2422 3514 3677
2445 3461 2504 3514 Β.
2537 3459 2606 3514 cf.
2637 3479 2690 3530 p.
2722 3463 2808 3528 68,
2839 3465 2886 3514 7.

609 3540 661 3609 6)
700 3538 1184 3611 συνελαμβάνοντο
1223 3539 1324 3609 μὲν
1361 3540 1466 3611 γὰρ
1504 3541 1615 3596 ὑπὸ
1652 3550 1763 3596 τῶν
1802 3539 1996 3596 ἀθέων
2035 3541 2088 3595 οἱ
2127 3541 2319 3595 ἔνθεοι
2350 3543 2761 3610 Διοκλητιανοῢ
2799 3549 2898 3609 τῆς
2916 3538 3043 3594 Ῥω-

424 3617 605 3690 μαίων
653 3620 828 3692 ἀρχῆς
874 3620 1294 3691 βασιλεύοντος,
1341 3624 1630 3690 Συριανοῦ
1687 3620 1749 3676 δὲ
1795 3630 1894 3691 τῆς
1930 3618 2330 3689 Ἀλεξανδρέων
2378 3619 2649 3692 ἄρχοντος
2692 3620 2903 3684 πόλεως
2950 3620 3041 3690 Sp.

427 3703 491 3758 Β.
521 3701 597 3755 ΠΙ
624 3707 693 3757 45
725 3728 793 3747 --
824 3700 1016 3771 Migne
1043 3720 1096 3770 p.
1131 3707 1272 3756 3400
1292 3701 1348 3757 C.

608 3783 659 3851 7)
698 3782 780 3836 De
817 3781 936 3835 vita
973 3798 1039 3836 ac
1075 3782 1346 3852 martyrio
1384 3785 1707 3837 sanctorum
1734 3781 1865 3852 Cyri
1902 3783 1960 3836 et
1985 3781 2212 3836 Ioannis
2249 3782 2476 3836 omnino
2517 3781 2858 3836 conferenda
2885 3783 3040 3835 sunt:

431 3870 476 3919 1.
518 3861 817 3932 Sophronii
855 3862 1075 3916 Laudes
1126 3861 1187 3915 in
1234 3880 1304 3917 ss,
1344 3861 1550 3932 Cyrum
1596 3864 1654 3916 et
1689 3862 1986 3932 Ioannem,
2034 3861 2181 3931 Spic.
2220 3862 2378 3916 Rom.
2418 3862 2496 3915 ΠΙ
2534 3867 2706 3915 1-96
2746 3889 2812 3907 =
2850 3860 3043 3931 Migne

425 3961 478 4012 p.
511 3946 881 3997 3379—3422.
957 3948 1005 3996 2.
1044 3941 1182 3996 Vita
1222 3943 1327 3996 eto.
1368 3940 1424 3996 C.
1465 3945 1523 3995 et
1559 3943 1597 3996 Ι.
1631 3941 1722 4011 Sp.
1753 3943 1818 3997 R.
1849 3942 1926 3997 IV
1956 3948 2236 3997 230—241
2269 3969 2337 3988 =
2366 3941 2558 4011 Migne
2586 3960 2640 4011 p.
2671 3946 3041 3996 3677—3690.

427 4030 476 4076 3.
514 4022 712 4074 Altera
748 4020 866 4074 vita
902 4013 1179 4092 acephala'
1204 4021 1307 4091 sp.
1337 4021 1402 4075 R.
1434 4021 1511 4075 IV
1540 4027 1824 4077 242—248
1854 4050 1922 4068 =
1950 4022 2143 4093 Migne
2180 4041 2235 4092 p.
2266 4027 2636 4076 sese-3696.
2698 4029 2746 4078 4.
2787 4040 2856 4076 ss.
2899 4021 2955 4078 G.
2987 4025 3046 4077 et

426 4103 466 4158 I.
504 4100 694 4171 passio
734 4103 960 4155 auctore
997 4101 1162 4156 Petro
1213 4101 1659 4171 Parthenopensi
1699 4102 1789 4172 Sp.
1822 4103 1887 4159 Β.
1916 4103 1996 4157 IV
2024 4107 2323 4156 268—280.
2371 4135 2440 4142 -—
2488 4101 2688 4172 Capita
2733 4105 3044 4171 martyrum

428 4181 786 4235 deciduntur:
828 4180 919 4250 Sp.
948 4182 1011 4235 Β.
1041 4181 1120 4235 ΠΙ
1148 4187 1215 4236 62
1234 4209 1301 4227 --
1319 4180 1394 4235 Μ.
1426 4188 1565 4236 3408
1585 4184 1657 4249 Β;
1689 4182 1780 4253 Sp.
1800 4183 1867 4238 Β.
1889 4182 1965 4237 IV
1982 4189 2084 4237 237
2104 4183 2259 4237 =M.
2292 4187 2431 4236 3685
2450 4182 2530 4251 A3
2559 4183 2651 4253 Sp.
2672 4184 2736 4238 Β.
2757 4183 2835 4238 IV
2851 4189 2955 4237 244
2976 4211 3042 4229 =

427 4263 500 4317 M.
533 4267 671 4316 3692
694 4261 820 4333 CsD.
852 4260 943 4331 Sp.
971 4261 1038 4314 Β.
1067 4262 1146 4316 IV
1173 4269 1294 4317 280.
1334 4295 1401 4304 --
1448 4263 1514 4316 In
1558 4262 1736 4318 Marci
1785 4280 1943 4318 sacro
1995 4261 2298 4318 reconditi:
2339 4263 2431 4332 Sp.
2461 4263 2525 4318 R.
2555 4263 2633 4316 111
2662 4268 2730 4318 63
2751 4281 2831 4332 sq.
2871 4291 2938 4310 =--
2967 4264 3040 4317 M.

426 4348 566 4396 3408
607 4341 661 4397 G.
694 4341 759 4397 D.
805 4341 895 4411 Sp.
934 4342 1001 4395 R.
1038 4340 1115 4396 IV
1153 4349 1256 4397 237
1306 4369 1373 4388 =
1420 4344 1496 4397 M.
1535 4349 1673 4397 3685
1707 4343 1769 4399 B.
1818 4343 1908 4413 Sp.
1948 4344 2011 4398 R.
2056 4343 2134 4397 IV
2171 4348 2275 4398 245
2323 4371 2391 4390 =
2447 4345 2521 4398 M.
2571 4349 2710 4398 3693
2747 4344 2813 4399 A.
2853 4344 2942 4413 Sp.
2976 4343 3039 4396 R.

425 4422 505 4476 IV
533 4428 652 4477 280.

605 4503 658 4572 8)
707 4502 863 4568 Quae
920 4500 1218 4572 μετάθεσις
1271 4506 1532 4558 narratur
1588 4505 1679 4573 Sp.
1738 4503 1803 4559 Β.
1853 4503 1929 4556 ΠΙ
1976 4508 2042 4557 65
2067 4520 2187 4572 sqq.
2235 4530 2302 4549 =
2351 4505 2423 4558 M.
2469 4509 2609 4557 3409
2630 4520 2777 4571 sqq.;
2838 4502 2930 4571 Sp.
2976 4502 3040 4554 Β.

425 4582 503 4636 IV
531 4587 636 4637 240
656 4600 734 4651 sq.
768 4610 835 4628 =
864 4583 937 4638 M.
968 4587 1111 4637 3688
1128 4600 1235 4653 sq.;
1274 4584 1366 4654 Sp.
1397 4584 1461 4638 Β.
1483 4585 1562 4639 IV
1592 4590 1694 4638 245
1716 4601 1837 4652 sqq.
1859 4583 2020 4637 =M.
2051 4588 2190 4638 3693
2212 4601 2320 4652 sq.;
2359 4584 2448 4654 Sp.
2472 4583 2536 4638 Β.
2557 4583 2633 4637 IV
2655 4588 2773 4635 280.
2830 4581 3043 4648 Sequor

428 4663 688 4731 equidem
743 4663 803 4717 in
859 4663 1173 4719 enarrando
1231 4663 1323 4734 Sp.
1363 4665 1427 4720 Β.
1465 4664 1543 4719 ΠΙ
1582 4669 1650 4720 65
1671 4682 1791 4734 sqq.
1846 4691 1914 4711 =
1952 4664 2027 4718 M.
2067 4669 2208 4719 3409
2230 4680 2379 4736 sqq,
2430 4662 2853 4718 adnotabuntur
2897 4677 3043 4730 quae

427 4743 747 4807 deflectunt.
