3611 5264
1460 1466 1998 1543 Praefatio

1626 1646 1841 1655 ——u—

605 1764 990 1830 Encomium
1061 1765 1128 1829 in
1187 1764 1495 1829 miracula
1566 1787 1612 1829 s.
1674 1766 2162 1851 hieromartyris
2232 1767 2660 1851 Therapontis
2729 1769 2796 1832 in
2861 1767 3048 1834 Actis

432 1866 800 1928 sanctorum
820 1863 1041 1927 mai-t.
1063 1861 1158 1927 VI
1186 1886 1246 1947 p.
1268 1862 1621 1927 682-692
1657 1886 1690 1927 e
1721 1864 1856 1928 cod.
1875 1865 2308 1929 Laurentiano
2341 1862 2530 1952 (plut.
2553 1866 2592 1929 9
2593 1864 2762 1953 ,14).
2783 1888 2942 1931 saec.
2954 1864 3050 1930 XI

430 1960 674 2045 publici
719 1961 880 2025 iuris
926 1962 1169 2025 factum
1226 1961 1435 2026 denuo
1493 1961 1740 2026 edimus
1793 1962 1863 2025 in
1918 1962 2109 2027 huius
2165 1962 2372 2027 libelli
2428 1964 2793 2048 appendice.
2884 1963 3052 2030 Nam

433 2079 580 2122 cum
624 2057 939 2123 Actorum
999 2062 1215 2123 textus
1271 2058 1671 2124 miserrimus
1729 2059 1841 2145 sit,
1896 2060 2210 2125 itacismis
2223 2059 2303 2148 ¹),
2360 2060 2542 2124 falsis
2598 2062 2966 2126 accentibus
2979 2059 3052 2148 ²),

434 2155 700 2239 syllabis
747 2179 1081 2241 perperam
1128 2157 1462 2242 diremptis
1477 2155 1528 2245 ⁸)
1578 2157 1734 2222 adeo
1782 2158 2185 2244 depravatus,
2230 2162 2305 2222 ut
2350 2180 2835 2243 nonnumquam
2881 2160 3051 2224 codi-

432 2275 567 2318 cem
626 2254 815 2339 plane
876 2255 1267 2340 descriptum
1330 2277 1466 2319 esse
1523 2258 1741 2339 putes,
1810 2259 1951 2320 tum
2011 2255 2285 2320 alterum
2344 2278 2688 2339 possumus
2748 2257 3052 2320 adhibere

434 2373 593 2417 saec.
630 2351 758 2416 XII
806 2352 1088 2417 codicem
1134 2352 1611 2417 Messanensem
1658 2353 1744 2416 29
1795 2350 1909 2440 (=
1939 2351 2037 2440 M)
2095 2354 2305 2417 adhuc
2348 2353 2739 2438 neglectum,
2795 2354 2865 2417 in
2923 2375 3050 2438 quo

430 2450 600 2513 idem
654 2450 1082 2534 Therapontis
1143 2451 1503 2515 encomium
1569 2450 1870 2514 nonnihil
1934 2471 2086 2514 sane
2148 2450 2468 2515 variatum
2530 2454 2757 2515 exstat.
2852 2449 3050 2515 Cuius

435 2547 799 2630 exemplum
872 2568 911 2609 a
972 2546 1416 2612 Maximiliano
1489 2547 1745 2611 Bonnet
1820 2547 2253 2612 curiosissime
2325 2548 2716 2632 descriptum
2778 2547 3052 2614 Useneri

437 2646 637 2711 debeo
683 2645 1089 2730 benignitati.
1166 2645 1306 2721 Quo
1355 2645 1571 2710 codice
1616 2668 1784 2711 novo
1835 2649 2149 2730 quantum
2186 2646 2562 2712 adiuvemur
2600 2669 2678 2711 ex
2716 2669 2790 2711 eo
2830 2647 3054 2732 elucet,

436 2743 609 2828 quod
674 2743 1006 2828 octoginta
1067 2743 1199 2807 fere
1270 2742 1430 2807 locis
1493 2743 1926 2807 Laurentiano
2003 2747 2139 2808 erat
2207 2745 2712 2829 praeponendus.
2822 2744 3050 2810 Nihilo

433 2841 648 2905 minus
703 2841 827 2904 hoc
882 2838 1197 2904 Actorum
1261 2840 1476 2905 codice
1532 2838 1646 2925 (=
1675 2838 1764 2926 A)
1831 2841 2143 2905 utendum
2208 2845 2306 2905 est
2369 2842 2816 2927 fundamento,
2881 2843 3054 2927 quod

434 2941 805 3023 comparato
852 2959 999 3002 cum
1047 2960 1120 3001 eo
1167 2937 1563 3002 Messanensi
1609 2938 1796 3002 facile
1842 2939 2234 3023 probaveris.

614 3036 1043 3101 Consentiunt
1070 3036 1239 3100 inter
1267 3059 1335 3100 se
1362 3035 1424 3100 A
1452 3040 1517 3100 et
1544 3035 1615 3100 M
1652 3038 1935 3121 exceptis
1963 3037 2156 3101 rebus
2195 3037 2463 3101 minutis
2492 3037 2640 3100 inde
2676 3059 2716 3101 a
2753 3059 2801 3101 c.
2845 3037 2945 3121 10,
2966 3037 3053 3100 20

434 3157 638 3220 usque
684 3135 764 3198 ad
803 3156 854 3198 c.
883 3135 988 3219 28,
1021 3134 1121 3219 14,
1167 3134 1228 3197 11.
1268 3156 1318 3198 e.
1356 3134 1425 3197 in
1461 3134 1919 3199 miraculorum
1959 3135 2362 3200 enarratione
2402 3138 2466 3199 et
2507 3135 2780 3220 epilogo.
2855 3133 3053 3198 Ante-

435 3234 670 3298 cedunt
714 3233 782 3296 in
820 3231 891 3296 M
928 3254 1091 3317 quae
1138 3233 1257 3297 sub
1297 3232 1502 3316 ipsius
1541 3233 1815 3297 encomii
1852 3236 2037 3297 textu
2075 3255 2364 3299 seorsum
2402 3232 2764 3296 addidimus
2804 3229 2918 3319 (=
2936 3230 3052 3319 Ε),
3124 3290 3132 3298 .

437 3353 711 3414 quorum
757 3330 960 3394 altera
1002 3352 1152 3414 pars
1200 3329 1285 3416 (v.
1326 3328 1618 3417 22—40)
1666 3353 1702 3394 e
1747 3350 1835 3394 cc.
1884 3330 2104 3395 6-10
2152 3334 2449 3415 excerpta
2497 3333 2620 3413 est,
2667 3330 2846 3414 prior
2899 3352 3051 3394 vero

437 3427 523 3516 (v.
557 3425 820 3514 1—21>‚
868 3427 989 3491 etsi
1037 3449 1181 3492 cum
1229 3448 1313 3492 cc.
1357 3427 1528 3491 1-5
1565 3427 1865 3493 nonnihil
1902 3428 2226 3492 discordat
2271 3426 2379 3515 (cf.
2418 3451 2478 3511 p.
2522 3425 2679 3514 104)
2726 3431 2922 3512 atque
2967 3427 3048 3491 iis

624 3677 675 3744 1)
716 3674 785 3728 cf.
815 3671 1009 3729 πολλοί
1046 3676 1117 3743 (1,
1141 3675 1191 3743 1)
1229 3678 1520 3737 πειθανῶς
1557 3675 1627 3743 (1,
1658 3675 1711 3742 6)
1748 3671 2012 3747 πορθμίῳ
2050 3676 2122 3743 (8,
2152 3673 2205 3741 2)
2244 3672 2600 3741 ἐπυθυασμὸν
2635 3676 2708 3742 (9,
2740 3675 2791 3743 1)
2829 3672 3054 3742 &mamf-

441 3759 653 3811 σασθαι
691 3757 761 3826 (9,
792 3757 846 3825 8)
884 3753 1195 3826 πρεσβήτου
1232 3757 1339 3823 (11,
1372 3756 1423 3824 7)
1460 3751 1790 3823 κατεκλείθη
1832 3760 1938 3824 (12,
1972 3755 2022 3822 7)
2062 3753 2385 3824 ἐνοχλυθεὶς
2422 3755 2529 3823 (12,
2561 3755 2648 3821 15)
2694 3752 2898 3822 πρινὴς
2933 3752 3053 3823 (11).)

439 3837 612 3906 ὑγιεὶς
662 3838 770 3905 (16,
803 3835 890 3903 10)
957 3833 1184 3903 ἐλεηνὸν
1230 3835 1337 3903 (17,
1374 3835 1431 3904 4)
1483 3833 1751 3902 τέραστης
1795 3836 1904 3904 (17,
1935 3834 2012 3903 5)2
2073 3831 2244 3902 σμήλη
2294 3836 2399 3904 (20,
2440 3833 2491 3901 2)
2548 3829 2777 3903 ἐγεγόνη
2827 3835 2934 3903 (20,
2963 3832 3052 3900 20)

444 3916 714 3977 ἀλλιώσας
759 3917 866 3986 (22,
908 3914 995 3982 10)
1052 3911 1372 3983 Δημιτρίων
1410 3917 1517 3985 (28,
1545 3913 1599 3981 8)
1648 3909 2020 3983 Ἐλευσηνίων
2067 3912 2184 3985 (ib.)
2232 3909 2592 3982 Ἀρτεμησίων
2639 3910 2773 3983 (ib.).
2831 3932 2874 3965 ω
2920 3913 2979 3964 et
3024 3931 3054 3965 o

442 3995 699 4063 confusa,
747 3994 903 4048 velut
946 3994 1009 4047 in
1052 3993 1430 4063 ἀνιστώρητον
1467 3996 1573 4064 (13,
1605 3994 1692 4061 10)
1742 3994 2154 4062 προτιμώτερον
2191 3994 2300 4062 (13,
2331 3993 2418 4060 11)
2473 3991 2781 4061 τελειώτητι
2827 3995 2936 4063 (19,
2966 3992 3053 4060 17)

441 4074 603 4137 ὅπως
638 4078 745 4146 (27,
773 4075 828 4143 3)
865 4072 1036 4143 ἑωρτὴ
1076 4078 1182 4146 (28,
1213 4075 1265 4142 6)
1313 4071 1653 4142 ὀρθωδόξων
1691 4072 1808 4145 (ib.)
1847 4071 1977 4127 οὕτο
2016 4077 2088 4143 (7,
2120 4074 2207 4140 10)
2256 4070 2541 4140 ὁρομένων
2569 4074 2640 4143 (9,
2671 4072 2724 4140 5)
2770 4071 3055 4141 ὑπολοφή-

442 4173 642 4217 σαντος
679 4157 787 4225 (12,
816 4153 869 4222 6)
926 4163 1231 4223 σοφρωνῶν
1270 4153 1387 4224 (ib.)
1440 4149 1684 4222 ἀνεμόνη
1724 4156 1831 4224 (14,
1864 4153 1940 4220 7);
1987 4172 2019 4205 τ
2064 4153 2123 4205 et
2166 4155 2236 4205 θε
2295 4149 2545 4206 &mizuae
2594 4155 2665 4222 (3,
2695 4152 2747 4221 5)
2802 4151 3055 4207 ἐνθαῦτα

442 4240 513 4307 (5,
544 4235 687 4307 9110)
726 4232 1014 4305 ἐκτάμβων
1053 4236 1124 4304 (9,
1156 4235 1207 4302 1)
1246 4232 1458 4295 &vai-09
1496 4235 1567 4304 (9,
1598 4233 1652 4301 7)
1689 4231 1887 4286 §vrowa
1924 4233 2032 4301 (13,
2065 4234 2116 4300 7)
2155 4228 2487 4300 κατέστηκεν
2525 4234 2632 4300 (28,
2664 4232 2776 4300 12),
2823 4251 2855 4284 τ
2883 4232 2941 4285 et
2969 4247 3054 4284 στι

442 4315 743 4370 ἑκτετέλετο
793 4316 863 4384 (4,
892 4313 974 4381 8);
1024 4312 1332 4383 geminatio
1376 4312 1661 4382 neglecta=
1709 4308 2160 4381 περιραντηρίοις
2196 4315 2267 4383 (4,
2298 4312 2383 4381 2),
2431 4310 2498 4364 cf.
2548 4309 2788 4384 κιννήρᾳ
2837 4315 2943 4383 (28,
2975 4311 3054 4378 2),

440 4416 475 4465 η
513 4412 616 4465 pro
654 4413 704 4449 s:
742 4391 855 4461 ἥξω
894 4397 1001 4466 (25,
1034 4394 1112 4462 7),
1151 4393 1218 4447 cf.
1260 4392 1436 4448 etiam
1472 4395 1929 4462 ζυγκακοπαθεῖν
1968 4395 2039 4462 (6,
2067 4392 2121 4459 8)
2162 4390 2513 4460 φυλάπτουσι
2550 4394 2657 4463 (12,
2690 4391 2740 4460 7)
2790 4393 3056 4459 φιθυρισ-

483 4484 548 4529 οῦ
609 4480 695 4544 25,
727 4480 792 4528 13

443 4496 481 4544 μ
588 4479 695 4623 (2)
713 4554 780 4608 cf.
794 4476 930 4624 >pro
968 4552 1097 4607 aliis
1143 4554 1506 4608 καθευδοῦσα
1563 4556 1669 4626 (20,
1700 4553 1803 4624 2β3,
1860 4552 2010 4621 quod
2067 4550 2380 4620 explicatur
2440 4549 2799 4607 antecedenti
2857 4549 3057 4603 ἰδοῦσα

444 4635 612 4703 20,1)
656 4633 721 4688 ἑὰ
758 4634 983 4706 (18,17)
1021 4634 1244 4705 βλαβεῖς
1280 4637 1386 4706 (16,
1418 4634 1487 4702 5).

623 4715 675 4784 3)
713 4714 780 4769 cf.
820 4714 891 4785 δὴ
928 4713 999 4769 τὰ
1036 4718 1108 4787 (7,
1140 4715 1226 4791 10)
1265 4713 1338 4784 μὴ
1377 4708 1439 4767 δὲ
1478 4716 1587 4786 (20,
1617 4712 1723 4778 21).

552 4813 843 4868 Deubner,
872 4814 928 4855 de
956 4814 1267 4855 incubatione.
2176 4834 2185 4842 ·
2594 4803 2627 4852 8
