3611 5264
1432 314 1514 369 De
1553 314 1784 369 somniis
1824 314 2043 370 divinis.
3006 317 3049 380 5

434 477 705 563 vigilare
752 477 880 542 sibi
926 477 1250 542 videretur
1295 477 1350 542 is
1407 477 1520 561 qui
1575 476 1925 542 somniavit
1937 476 2005 564 1).
2101 477 2240 554 Quo
2296 477 2579 561 pertinet
2635 476 2798 542 illud
2853 476 2893 561 ἢ
2940 476 3051 544 καὶ

434 582 772 652 παντελῶς
827 574 1289 661 ἐγρηγορότων
1349 574 1716 659 Iamblichi3
1771 576 1849 639 cf.
1905 573 2173 640 Aristid.
2211 578 2256 638 t.
2285 573 2349 639 II
2386 598 2447 658 p.
2480 575 2630 660 312,
2650 576 2692 639 2
2727 575 2904 640 Κ611;
2963 577 3052 653 ὡς

434 672 611 759 ὕπαρ
630 674 704 738 τὸ
725 675 890 759 ὄναρ
912 683 1180 738 σκοπῶν
1200 671 1296 741 ἐπί
1327 673 1631 757 ἐμαυτοῦ.
1689 672 1933 750 Quodsi
1960 669 2387 756 Aesculapius
2415 672 2484 737 in
2514 694 2742 736 somno
2772 670 3051 737 Aristidi

437 770 596 835 dicit
632 778 841 835 ταῦτα
868 766 943 835 δὲ
971 764 1142 835 εἶναι
1172 769 1296 835 οὐκ
1332 772 1528 856 ὄναρ,
1557 769 1697 836 ἀλλ’
1736 770 1937 856 ὕπαρ,
1975 775 2275 835 εἴσεσθαι
2308 766 2522 835 δὲκαὶ
2550 769 2757 836 αὐτόν
2785 767 2876 856 (p.
2899 770 3051 856 398,

435 869 518 932 28
549 865 677 954 K),
713 868 892 954 ὕπαρ
931 867 1294 952 significare
1330 866 1587 931 videtur
1624 868 1947 932 somnium
1985 889 2225 951 verum,
2270 867 2375 931 cui
2416 867 2830 951 respondebit
2868 889 3050 932 even-

432 969 555 1031 tus.
633 965 880 1043 Quibus
925 989 964 1030 a
1009 965 1278 1030 somniis
1314 964 1487 1029 haud
1524 966 1617 1030 ita
1653 965 1933 1030 multum
1971 965 2276 1029 differunt
2311 965 2591 1029 visiones
2629 964 3051 1050 vigilantibus

354 1084 362 1090 ·
432 1062 808 1127 hominibus
854 1062 1107 1128 oblatae
1154 1060 1332 1149 (nam
1377 1061 1482 1126 his
1527 1063 1596 1127 in
1641 1062 1835 1127 rebus
1881 1062 2041 1126 fines
2090 1061 2343 1126 definiri
2389 1084 2519 1126 non
2553 1060 2884 1148 possunt);
2932 1063 3050 1127 ita-

436 1183 561 1245 que
606 1161 954 1225 asseverari
1008 1160 1300 1225 videmus
1355 1181 1487 1224 non
1542 1162 1707 1246 ὄναρ
1764 1158 2013 1244 6111111111
2065 1159 2309 1224 factum
2357 1181 2521 1244 esse,
2578 1159 2690 1224 sed
2744 1159 2941 1247 ὕπαρ.
2990 1184 3046 1224 v.

430 1258 598 1322 Max.
628 1257 775 1342 Tyr.
815 1257 963 1322 diss.
999 1257 1140 1342 XV,
1172 1257 1207 1320 7
1250 1260 1435 1321 extr.:
1474 1253 1658 1323 εἶδον
1692 1255 1802 1323 καὶ
1838 1258 1957 1323 τὸν
1983 1256 2400 1342 Ἀσκληπιόν,
2436 1255 2576 1323 ἀλλ’
2634 1255 2810 1340 οὐχὶ
2857 1258 3047 1343 ὄναρ

436 1353 641 1441 εἶδον,
688 1356 771 1439 νὴ
817 1356 936 1420 τὸν
973 1353 1322 1441 Ἡρακλέα,
1367 1354 1524 1421 ἀλλ’
1580 1355 1800 1442 ὕπαρ.
1877 1355 1955 1419 cf.
2001 1353 2234 1419 Kaibel
2278 1353 2401 1439 Ep.
2442 1354 2548 1420 Gr.
2588 1354 2737 1439 802,
2766 1352 2912 1439 5511.
2970 1353 3048 1418 116

435 1454 635 1519 Pane:
681 1452 1136 1537 ἀνα[φ]ανδὸν
1183 1450 1487 1537 ἐπέστης,
1528 1457 1537 1532 Ι
1589 1453 1728 1520 οὐκ
1774 1454 1998 1540 ὄναρ,
2053 1451 2220 1518 ἀλλὰ
2273 1451 2517 1537 μέσους
2568 1453 2816 1536 ἤματος
2874 1450 3047 1536 ἀμφὶ

435 1548 801 1638 δρόμουςΡ)

606 1647 783 1713 Inter
831 1646 1229 1712 somniorum
1276 1670 1510 1733 genera
1556 1670 1752 1732 supra
1797 1650 2296 1713 commemorata
2340 1646 2503 1711 illud
2541 1646 2800 1731 quidem
2844 1647 3046 1710 maxi-

431 1768 603 1809 mam
638 1745 948 1809 nimirum
985 1744 1156 1829 apud
1183 1745 1485 1830 antiquos
1533 1745 1879 1810 exhibebat
1925 1746 2084 1830 vim,
2139 1745 2206 1808 in
2254 1768 2382 1829 quo
2431 1744 2685 1828 aliquae
2729 1767 3042 1828 personae

431 1841 616 1926 quasi
662 1841 974 1907 divinitus
1020 1842 1256 1906 missae
1301 1842 1404 1907 vel
1449 1842 1575 1927 ipsi
1622 1844 1688 1908 di
1733 1842 2154 1929 apparebant,
2200 1846 2274 1906 ut
2319 1842 2538 1907 futura
2584 1841 3041 1926 praedicerent.

428 1939 572 2003 Hoc
636 1943 734 2004 est
798 1939 973 2023 quod
1043 1940 1413 2005 nominatur
1475 1943 1922 2028 χρηματισμὸς
1970 1940 2105 2005 sive
2170 1937 2575 2024 ‘oraculum’3
2638 1963 2695 2003 v.
2753 1939 3036 2005 Macrob.

431 2033 763 2102 S.S.'1.c.:
821 2042 916 2123 „et
974 2042 1064 2102 est
1113 2037 1434 2103 oraculum
1485 2040 1758 2121 quidem,
1814 2058 1954 2104 oum
2006 2040 2079 2102 in
2131 2039 2367 2103 somnis
2413 2058 2695 2120 parens
2757 2038 2851 2102 vel
2908 2037 3044 2103 alia

426 2138 691 2199 sancta
729 2135 1077 2217 yravisve
1109 2156 1442 2216 persona
1483 2155 1591 2201 seu
1633 2138 1977 2203 sacerdos
2029 2136 2123 2200 vel
2164 2136 2356 2201 etiam
2401 2137 2576 2200 deus
2619 2140 2827 2226 aperte
2869 2156 3044 2202 even-

430 2236 640 2296 turum
683 2233 839 2314 quid
881 2236 1162 2296 autnon
1220 2238 1602 2317 eventwrum,
1653 2236 2081 2316 faciendum
2133 2233 2609 2297 vitandumve
2662 2233 3043 2298 denuntiat.“

433 2326 540 2416 (cf.
582 2350 776 2412 supra
810 2351 873 2414 p.
904 2327 993 2416 3.)
1094 2327 1186 2393 Et
1239 2329 1411 2413 apud
1465 2329 1909 2415 Nicephorum
1966 2329 2319 2416 Gregoram
2364 2329 2404 2394 1.
2445 2351 2493 2394 6.
2529 2329 2843 2415 p.608B:
2887 2355 3043 2416 χρη-

330 2418 337 2423 ’
428 2428 749 2512 ματισμὸς
795 2425 876 2492 δέ
915 2425 1116 2511 ἐστιν,
1164 2426 1324 2492 ὅταν
1368 2426 1409 2511 ἢ
1456 2429 1787 2512 ἄγγελος
1833 2427 1873 2512 ἢ
1931 2429 2191 2515 ἱερεὺς
2243 2426 2285 2510 ἢ
2339 2430 2615 2514 πατήρ,
2671 2428 2713 2510 ἤ
2769 2451 2834 2493 τι
2888 2440 3043 2494 τῶν

432 2527 870 2609 σεμνότητα
925 2523 1268 2608 ἐχόντων
1321 2523 1650 2613 προσώπῳ
1703 2521 1963 2591 θεαθὲν
2015 2526 2512 2612 προσαγορεύῃ,
2565 2536 2701 2589 τῶν
2754 2524 2907 2609 μέν,
2954 2527 3043 2602 ὡς

430 2622 756 2689 κίνδυνον
801 2619 913 2687 καὶ
969 2623 1189 2706 λύπην
1244 2620 1582 2709 ἐπιφέρειν
1635 2625 2046 2708 μελλόντων,
2093 2621 2553 2707 ἀπέχεσθαι,
2608 2632 2743 2687 τῶν
2799 2621 2904 2705 δέ,
2952 2622 3042 2700 ὡς

427 2721 674 2805 χρηστὰ
735 2722 1027 2804 κομίζειν
1090 2721 1496 2804 μελλόντων,
1561 2719 2174 2786 ἀντιποιεῖσθαι.
2266 2719 2466 2783 Vides
2524 2741 2601 2783 ex
2656 2719 2787 2808 hiS,
2844 2742 3037 2803 quam
3147 2731 3152 2738 “

427 2820 563 2881 arte
609 2817 1008 2902 cohaereant,
1056 2838 1218 2901 quae
1263 2816 1435 2901 apud
1479 2816 1881 2882 Macrobium
1939 2821 2003 2881 et
2057 2815 2410 2903 Gregoram
2464 2816 2833 2901 traduntur3
2881 2816 3037 2881 deus

430 2904 833 2979 ethnicorum
877 2915 1050 2998 apud
1095 2914 1475 2998 scriptorem
1521 2913 1944 2980 christianum
1991 2914 2059 2978 in
2104 2913 2405 3000 angelum
2451 2917 2741 3004 mutatus
2789 2918 2903 2979 est.

603 3010 830 3095 Itaque
874 3032 1023 3077 cum
1070 3012 1171 3076 dei
1217 3034 1331 3096 per
1378 3034 1675 3077 somnum
1721 3003 2102 3097 apparentes
2148 3012 2367 3076 futura
2420 3017 2687 3096 possent
2741 3013 3040 3100 indicare,

426 3131 556 3174 non
592 3108 849 3195 mirum,
888 3110 1060 3193 quod
1096 3110 1253 3174 talia
1291 3111 1558 3195 somnia,
1594 3115 1669 3174 ut
1705 3110 1961 3195 quando
2000 3110 2145 3194 quis
2182 3110 2378 3175 vellet
2416 3111 2541 3175 sibi
2575 3116 3036 3198 compararent,

429 3207 775 3271 studebant
813 3208 1087 3293 efficere,
1125 3202 1306 3291 atqui
1342 3231 1471 3272 non
1508 3211 1762 3273 tantum
1792 3207 2048 3273 oracula
2084 3207 2209 3273 hoc
2244 3208 2435 3272 modo
2476 3208 2600 3272 sibi
2639 3210 3040 3292 expetebant,

429 3306 539 3369 sed
608 3305 869 3370 omnino
930 3328 1075 3369 cum
1131 3305 1230 3371 dis
1285 3305 1588 3391 congredi
1644 3327 1993 3390 eorumque
2048 3304 2318 3372 consilio
2376 3304 2474 3369 uti
2529 3304 2847 3370 volebant.
2933 3304 3040 3371 Sic

429 3406 652 3468 exorta
699 3405 797 3468 est
842 3402 1170 3468 incubatio
1181 3401 1261 3490 ³):
1307 3402 1375 3467 in
1422 3403 1687 3468 deorum
1732 3401 1995 3486 templis
2042 3403 2125 3466 ad
2170 3402 2616 3472 dormiendum
2658 3424 2726 3468 se
2761 3405 3041 3486 proster-

607 3649 657 3713 1)
696 3647 1051 3703 Contrarium
1088 3647 1297 3702 accidit
1332 3648 1453 3701 Act.
1494 3646 1730 3717 apostol.
1761 3646 1865 3700 XII
1893 3652 1951 3714 9,
1997 3644 2097 3700 ubi
2135 3645 2205 3698 de
2251 3645 2419 3699 Petro
2468 3644 2734 3715 angelum
2770 3647 3038 3713 sequente

426 3726 634 3781 dicitur
667 3728 799 3783 hoc:
837 3728 934 3782 καὶ
971 3728 1075 3782 οὐκ
1111 3724 1253 3800 ᾔδει,
1291 3725 1377 3782 ὅτι
1413 3724 1623 3797 ἀληθές
1660 3726 1808 3782 ἐστιν
1842 3725 1906 3780 τὸ
1944 3723 2242 3796 γινόμενον
2279 3723 2379 3779 διὰ
2415 3733 2514 3779 τοῦ
2533 3722 2812 3795 ἀγγέλου·
2854 3722 3038 3779 ἐδόκει

426 3804 533 3877 γὰρ
574 3805 757 3875 ὅραμα
795 3805 1032 3878 βλέπειν.

446 3957 451 3961 ⁴
604 3888 659 3955 2)
697 3885 834 3940 Cum
871 3886 1150 3940 Antiocho
1189 3887 1441 3956 sophista
1485 3886 1646 3958 vigili
1693 3885 2120 3955 colloquebatur
2162 3883 2531 3954 Aesculapius
2578 3884 2750 3954 Aegis
2788 3883 3037 3954 Ciliciae,

426 3964 688 4020 Philostr.
719 3965 784 4020 V.
818 3965 982 4035 Soph.
1012 3965 1065 4019 H
1092 3971 1127 4019 4
1152 3983 1206 4035 p.
1239 3972 1324 4033 75,
1347 3971 1412 4019 13
1450 3966 1618 4035 Kays.
1659 3966 1828 4036 (Lips.
1872 3967 2048 4035 1871.)
2096 3964 2164 4018 cf.
2203 3965 2335 4018 Luc.
2375 3963 2735 4033 Philopseud.
2766 3970 2860 4021 38:
2899 3964 2937 4018 ἃ
2974 3964 3037 4020 δὲ

429 4044 491 4100 ἐν
528 4043 858 4116 Ἀμφιλόχου
902 4065 962 4100 τε
1007 4044 1220 4113 ἥκουσα
1275 4044 1337 4100 ἐν
1392 4048 1626 4114 ΙᾺαλλῶ,
1679 4054 1778 4100 τοῦ
1817 4043 2037 4113 ”Ηρωος
2090 4042 2300 4112 ὕπαρ,
2324 4041 2720 4114 διαλεχθέντος
2773 4064 2869 4113 μοι
2923 4047 3034 4099 κτλ.

428 4124 703 4194 Inspicias
733 4125 907 4181 etiam
924 4124 1121 4180 Dionis
1151 4123 1531 4194 chrysostomi
1569 4126 1706 4179 orat.
1739 4124 1814 4178 ad
1841 4124 1997 4178 Alex.
2029 4124 2234 4177 XXXII
2265 4129 2329 4177 12
2367 4122 2472 4178 vol.
2503 4125 2529 4178 I
2556 4143 2609 4194 p.
2632 4131 2756 4193 270,
2780 4125 3036 4182 16.Arn.:

427 4201 662 4278 μάλιστα
699 4204 762 4260 δὲ
800 4206 936 4260 αὐτὸ
977 4209 1072 4275 (sc.
1110 4205 1174 4259 τὸ
1212 4200 1528 4273 δαιμόνιον)
1567 4203 1817 4259 δείκνυσι
1843 4203 1947 4274 τὴν
1976 4205 2147 4258 αὑτοῦ
2178 4203 2421 4272 δύναμιν
2448 4204 2545 4258 καὶ
2582 4201 2760 4272 μόνον
2796 4205 2862 4259 οὐ
2892 4203 3029 4258 καθ’

428 4283 667 4354 ἑκάστην
711 4282 924 4353 ἡμέραν
970 4282 1068 4339 διά
1113 4303 1172 4338 τε
1217 4293 1475 4355 χρησμῶν
1520 4285 1619 4338 καὶ
1661 4282 1740 4338 δι’
1793 4282 2115 4352 ὀνειράτων.
2164 4282 2238 4351 μὴ
2291 4279 2393 4338 οὖν
2440 4282 2630 4354 οἴεσθε
2677 4280 3037 4354 κοιμωμένων

425 4361 601 4432 μόνον
654 4363 1037 4433 ἐπιμελεῖσθαι
1102 4364 1203 4419 τὸν
1249 4363 1420 4432 θεόν,
1460 4364 1604 4435 [καὶ]
1651 4361 1774 4418 κατ’
1830 4362 1986 4418 ἰδίαν
2038 4361 2244 4435 ἑκάστῳ
2291 4364 2579 4433 μηνύοντα
2623 4362 2686 4417 τὸ
2735 4360 3036 4431 συμφέρον,

408 4442 806 4518 ,ἐγρηγορότων
855 4441 918 4496 δὲ
969 4443 1191 4513 ἀμελεῖν
1238 4445 1337 4498 καὶ
1380 4451 1541 4514 κοινῇ
1586 4443 1683 4497 καὶ
1724 4440 1988 4512 ἀθρόοις,
2013 4441 2190 4513 μηδὲν
2240 4440 2313 4497 ἂν
2358 4443 2556 4512 δεῖξαι1
2582 4451 2693 4497 τῶν
2736 4439 3033 4513 χρησίμων.

424 4522 691 4587 πολλάκις
726 4522 833 4593 γὰρ
871 4521 980 4592 ἤδη
1018 4523 1114 4577 καὶ
1151 4520 1330 4591 ὕπαρ
1369 4522 1544 4593 ὤνησε
1581 4522 1677 4577 καὶ
1714 4520 1847 4591 μεθ’
1889 4521 2147 4591 ἡμέραν
2184 4521 2484 4592 ἐναργῶς
2519 4530 2801 4589 προεῖπεν.

606 4606 660 4672 3)
697 4620 744 4656 v.
785 4601 960 4657 etiam
1005 4602 1240 4657 Buechs.
1287 4621 1340 4672 p.
1374 4608 1468 4657 35:
1513 4604 1670 4670 „Der
1724 4603 1993 4669 ansch,
2039 4619 2146 4658 von
2191 4605 2310 4658 dem
2352 4603 2654 4671 zufdlliyen
2697 4601 3037 4656 Erscheinen

423 4682 568 4740 eines
611 4683 873 4740 Traumes
907 4682 1268 4754 unabhc'inqiy
1302 4698 1373 4738 zu
1406 4683 1526 4740 sein
1560 4683 1680 4739 wad
1714 4684 1805 4739 ein
1850 4682 2299 4740 vorbedeucendes
2334 4681 2567 4737 Zeichen
2609 4680 2708 4736 der
2751 4678 2860 4736 Art
2894 4681 3037 4735 nach
