3611 5264
1265 359 1348 412 De
1383 359 1746 413 incubatione
1785 359 2107 413 christiana.
2888 359 2970 424 67

380 522 545 588 Tum
592 544 745 587 vero
792 521 985 587 huius
1032 522 1135 587 dei
1181 522 1497 607 templum
1544 524 1624 587 ab
1671 521 2068 608 Argonautis
2117 525 2513 586 exstructum
2560 545 2697 587 esse
2734 524 2986 608 dicitur,

377 622 595 706 itaque
641 620 787 685 cum
832 618 1132 685 Iasonis
1178 622 1438 686 nomine
1483 621 1804 685 artissime
1842 621 2281 707 coniungitur3
2325 620 2517 685 Iason
2554 625 2768 685 autem
2815 622 2985 685 idem

375 723 567 803 atque
614 718 852 803 Iasion,
898 719 1281 784 conferenda
1316 718 1462 783 Iaso
1501 717 1870 802 Aesculapii
1918 718 2048 807 (vel
2085 717 2492 805 Amphiarai)
2537 717 2745 806 filia.1)
2821 718 2988 796 Quo-

378 840 524 882 cum
572 818 846 901 denique
893 818 1192 903 congruit
1241 816 1733 882 Constantinum
1781 818 1850 882 in
1907 816 2276 900 Sosthenio‚
2334 817 2489 900 quid
2544 817 2757 902 angeli
2813 816 2985 881 illius

378 920 590 979 statua
624 914 882 999 valeret,
919 916 1273 999 comperire
1300 915 1580 981 voluisse
1617 938 1732 999 per
1768 915 2264 999 incubationem,
2302 937 2428 998 qua
2465 915 2724 999 quidem
2764 914 2984 979 Graeci

373 1014 441 1076 in
500 1013 764 1078 deorum
826 1013 1219 1078 medicorum
1277 1014 1538 1097 templis
1599 1014 1971 1098 utebantur,
2030 1018 2104 1077 ut
2164 1013 2455 1078 sanitatis
2519 1013 2985 1097 recuperandae

371 1132 560 1175 causa
606 1133 714 1175 003
762 1110 1166 1176 consulerent
1212 1109 1319 1199 (cf.
1359 1112 1589 1197 Maury
1636 1135 1696 1196 p.
1740 1111 1869 1175 150
1889 1109 2027 1197 sq).

545 1209 873 1275 Hactenus
928 1213 1001 1272 ut
1057 1210 1239 1293 sequi
1292 1209 1446 1274 licet
1499 1209 1869 1294 Mauryum,
1924 1210 2016 1273 ita
2072 1209 2244 1294 quod
2299 1209 2379 1272 ad
2435 1209 2624 1273 deum
2681 1210 2892 1294 ipsum
2949 1233 2987 1273 a

372 1306 626 1371 Graecis
673 1307 742 1371 in
790 1306 1131 1372 Sosthenio
1180 1307 1424 1372 cultum
1472 1308 1704 1372 attinet
1740 1308 1821 1372 ab
1869 1330 1944 1372 00
1998 1307 2447 1372 discedendum
2484 1307 2671 1371 nobis
2715 1308 2985 1372 videtur.

369 1403 599 1470 Censet
646 1405 818 1469 enim
865 1404 974 1468 ille
1030 1403 1402 1489 Apollinem
1446 1404 1773 1471 Iasonium
1787 1402 1858 1491 ²),
1905 1405 2007 1470 cui
2045 1403 2259 1489 Cyzici
2297 1427 2546 1470 sacrum
2593 1405 2835 1471 dicasse
2871 1404 2989 1469 Ar-

369 1507 681 1588 gonautas
727 1503 925 1567 tradit
971 1502 1167 1568 schol.
1226 1503 1323 1568 111-
1348 1501 1649 1588 Apollon.
1687 1503 1896 1568 Rhod.
1934 1502 1967 1567 I
1996 1502 2153 1586 966,
2209 1504 2277 1567 in
2333 1502 2674 1568 Sosthem'o
2732 1526 2987 1588 quoque

372 1602 751 1666 advocatum
800 1623 953 1685 esse,
1002 1601 1175 1685 quod
1222 1603 1544 1685 quomodo
1592 1602 1836 1667 factum
1884 1602 1970 1665 sit
2013 1623 2221 1685 neque
2259 1601 2397 1684 ipse
2445 1601 2599 1665 satis
2637 1600 2805 1665 clare
2850 1624 2987 1684 per-

370 1699 654 1782 spexisse
698 1699 955 1763 videtur
997 1721 1205 1783 neque
1251 1722 1403 1764 vero
1451 1699 1615 1764 alius
1663 1701 2003 1784 quisquam
2051 1698 2421 1784 intellegere
2458 1702 2689 1782 potest,
2737 1699 2988 1763 etiamsi

367 1821 427 1880 p.
454 1797 579 1861 158
622 1797 750 1860 10111
782 1795 1061 1881 legatur:
1107 1797 1234 1882 „Le
1278 1798 1525 1862 malade
1560 1800 1671 1881 qui
1716 1798 2043 1879 invoquait
2093 1797 2363 1880 Apollon
2402 1797 2716 1875 Iasonius,
2763 1818 2990 1862 comme

370 1896 527 1960 celui
562 1897 672 1977 qui
702 1897 907 1977 pmlait
940 1897 1115 1960 saint
1148 1894 1421 1960 Michez“
1458 1918 1507 1960 e.
1539 1918 1597 1980 q.
1628 1918 1674 1960 s.
1733 1895 1977 1960 Tamen
2004 1895 2145 1965 fieri
2173 1917 2304 1959 non
2330 1898 2563 1979 potest,
2592 1898 2667 1959 ut
2693 1893 2818 1960 hoc
2844 1895 2986 1959 loco

371 1993 730 2057 accuratius
804 1993 1061 2077 Mauryi
1136 1993 1521 2058 sententiam
1596 1994 2004 2077 explicemus
2114 1992 2349 2057 Itidem
2424 1997 2573 2058 sunt
2635 1993 2989 2077 refutanda,

369 2113 531 2174 quae
578 2094 623 2154 t.
663 2088 789 2154 VII
836 2087 1066 2178 (1850)
1108 2113 1140 2154 e
1178 2088 1402 2175 Polyb.
1440 2089 1535 2155 IV
1563 2092 1667 2176 39,
1698 2091 1737 2155 6
1778 2091 2119 2177 conclusit3
2164 2091 2439 2176 legimus
2486 2092 2656 2156 enim
2705 2115 2779 2157 eo
2826 2091 2988 2175 1000,

371 2211 499 2273 quo
557 2188 883 2273 Bosporus
951 2210 1096 2253 cum
1160 2187 1370 2253 Ponto
1445 2190 1886 2275 coniungitur,
1952 2189 2148 2253 situm
2225 2212 2361 2254 esse
2425 2190 2499 2253 τὸ
2573 2191 2990 2273 καλούμενον

360 2286 590 2373 Ἱερόν,
639 2284 742 2371 ἐφ’
802 2280 883 2351 οὗ
929 2289 1139 2352 τόπου
1197 2284 1363 2370 φασὶ
1417 2288 1582 2351 κατὰ
1635 2288 1758 2370 τὴν
1807 2285 1877 2351 ἐκ
1933 2289 2215 2371 Κόλχων
2270 2286 2681 2371 ἀνακομιδὴν
2730 2285 2989 2352 Ἰάσονα

372 2392 581 2449 θῦσαι
627 2395 894 2470 πρῶτον
949 2394 1091 2460 τοῖς
1136 2384 1389 2449 δώδεκα
1434 2391 1646 2461 θεοῖς·
1695 2383 1730 2448 ὃ
1776 2396 1984 2449 κεῖται
2031 2380 2154 2467 μὲν
2194 2382 2298 2448 ἐπὶ
2337 2392 2450 2466 τῆς
2476 2382 2719 2467 Ἀσίας,
2766 2383 2989 2468 ἀπέχει

376 2479 449 2547 δὲ
511 2491 628 2566 τῆς
689 2482 1018 2568 Εὐρώπης
1075 2480 1180 2546 ἐπὶ
1242 2479 1500 2547 δώδεκα
1561 2481 1797 2546 στάδια
1856 2483 2021 2567 πρὸς
2080 2483 2154 2545 τὸ
2218 2485 2619 2569 καταντικρὺ
2682 2483 2990 2565 κείμενον

374 2585 787 2667 Σαραπιεῑον
832 2587 949 2663 τῆς
999 2578 1279 2666 Θρᾴκης.
1368 2578 1700 2644 Deliberat
1746 2578 1978 2663 Maury
2025 2578 2157 2643 fere
2203 2577 2328 2643 hoc
2374 2578 2593 2644 modo:
2641 2580 2989 2644 secundum

367 2677 713 2760 Polybium
777 2676 1094 2760 templum
1159 2677 1239 2740 ab
1306 2675 1701 2762 Argonautis
1776 2681 2174 2742 exstructum
2245 2678 2442 2741 situm
2514 2681 2612 2741 est
2681 2679 2749 2742 in
2807 2680 2989 2760 parte

368 2776 629 2839 dextera
673 2774 974 2860 Bospori,
1032 2773 1446 2840 Sosthenium
1502 2778 1716 2838 autem
1773 2775 2123 2839 secundum
2181 2773 2609 2838 Sozomenum
2668 2775 2737 2838 in
2790 2775 2990 2837 laeva.

366 2871 543 2958 Ergo
593 2877 744 2937 sunt
790 2872 1055 2937 diversa.
1148 2872 1489 2957 Templum
1536 2871 2059 2958 Argonautarum
2105 2872 2378 2936 fortasse
2437 2872 2607 2935 idem
2655 2875 2848 2957 atque
2895 2894 2991 2936 ec-

370 2970 561 3036 clesia
607 2994 653 3035 3.
701 2970 1036 3036 Michaelis
1082 2969 1393 3057 Asiatica3
1440 2971 1548 3036 hic
1593 2971 1794 3056 igitur
1850 2969 2181 3035 colebatur
2234 2969 2344 3034 ille
2391 2968 2631 3054 Apollo
2679 2967 2989 3035 Iasonius.

370 3068 649 3134 Fabulae
689 3091 851 3153 quae
892 3069 968 3133 de
997 3066 1393 3154 Argonautis
1422 3070 1794 3135 ferebantur
1830 3073 2038 3133 aetate
2075 3070 2430 3153 posteriore
2468 3069 2537 3133 in
2576 3066 2990 3134 Sosthenium

371 3167 716 3231 translatae
764 3171 931 3252 sunt,
978 3168 1044 3230 id
1091 3167 1265 3251 quod
1312 3191 1385 3233 eo
1433 3168 1686 3233 facilius
1731 3168 1872 3231 fieri
1917 3169 2152 3251 potuit,
2198 3168 2349 3251 quia
2384 3166 2507 3232 hoc
2545 3190 2800 3252 quoque
2846 3166 2988 3232 loco

371 3263 704 3329 colebatur
749 3265 903 3329 deus
958 3266 1242 3329 medicus
1288 3303 1376 3311 —
1422 3265 1681 3350 Sarapis
1729 3264 1814 3353 (v.
1851 3265 2077 3350 Polyb.
2115 3266 2155 3330 l.
2195 3263 2288 3352 3.).
2372 3265 2547 3342 Quae
2584 3269 2800 3330 tamen
2846 3287 2992 3330 con-

372 3361 688 3427 clusiones
746 3363 922 3426 omni
977 3367 1194 3428 carent
1249 3363 1694 3447 fundamento,
1751 3385 1898 3429 cum
1953 3363 2125 3448 apud
2177 3363 2526 3448 Polybium
2580 3363 2769 3446 plane
2824 3361 2989 3427 nihil

371 3539 489 3593 telle
525 3554 627 3606 que
668 3537 1002 3604 Telesphore,
1039 3536 1174 3592 dont
1210 3539 1257 3592 le
1292 3544 1525 3593 costume
1558 3539 1800 3607 rappelle
1837 3554 1903 3591 en
1940 3538 2062 3604 effet
2097 3540 2134 3592 ὰ
2170 3539 2405 3593 certain-3
2441 3538 2636 3609 e'yards
2671 3537 2718 3590 le
2758 3542 2991 3591 costume

381 3619 518 3672 d’wn
580 3618 759 3672 moine
820 3617 1109 3672 chre‘tie‘nf‘
1180 3617 1265 3670 Ex
1337 3618 1446 3672 hac
1507 3617 1863 3688 potissimum
1926 3617 2097 3670 vestis
2161 3617 2342 3671 forma
2411 3615 2706 3673 Ziehenius
2781 3615 2985 3670 Athen.

379 3697 567 3752 Mitth.
609 3703 746 3752 1892
793 3716 846 3767 p.
879 3702 979 3751 241
1030 3696 1306 3751 conclusit
1351 3697 1731 3752 incubationis
1779 3698 2111 3753 daemonem
2158 3712 2280 3751 esse
2326 3696 2754 3766 Telesphorum:
2799 3697 2987 3763 „Tele-

379 3780 609 3846 sphorus
648 3823 659 3833 .
691 3823 701 3833 .
736 3823 746 3833 .
789 3778 1354 3832 lucubationsdamon
1384 3822 1393 3833 .
1429 3823 1439 3833 .
1483 3819 1526 3845 .,
1561 3779 1626 3832 in
1653 3778 1771 3832 dem
1798 3776 2031 3847 (legitur
2061 3776 2301 3847 ‘denen’)
2330 3778 2432 3831 das
2458 3777 2991 3832 Incubationswesen

376 3859 476 3913 mit
511 3859 688 3924 allem,
723 3875 836 3912 was
872 3858 1036 3913 dmm
1070 3857 1190 3913 wad
1236 3857 1381 3912 obrem
1424 3859 1622 3928 hdinyt,
1667 3859 1812 3912 scine
1856 3856 2260 3927 weityehendste
2311 3857 2742 3928 Ausyestaltuny
2792 3856 2989 3923 fand.“

373 3937 436 3989 Id
475 3938 625 4006 quod
662 3938 908 3991 Usenero
947 3938 1360 4005 quodammodo
1398 3937 1676 4007 probavit,
1714 3936 1813 4005 qui
1850 3940 2044 3991 tamen
2090 3935 2310 3991 monuit
2344 3954 2547 4000 nomen
2595 3935 2807 4005 ipsum,
2844 3936 2990 3989 Pau-

381 4017 576 4071 saniae
612 4016 997 4071 testimonium
1035 4018 1106 4088 (II
1138 4023 1223 4087 11,
1253 4020 1330 4088 7),
1374 4016 1624 4087 lapidem
1669 4016 2035 4072 Casselanum
2072 4016 2297 4088 (Kaibel
2343 4015 2533 4087 Epigr.
2564 4034 2645 4087 gr.
2679 4018 2837 4088 1027)
2875 4034 2987 4070 11011

372 4097 481 4151 11131
518 4096 873 4151 salutiferum
908 4097 1160 4152 indicare
1198 4097 1403 4166 deum3
1441 4096 1509 4151 cf.
1550 4096 1954 4151 Gotternamen
1989 4115 2043 4166 p.
2078 4103 2194 4152 171.
2260 4095 2511 4150 Ziehenii
2549 4096 2832 4151 sententia
2860 4114 2988 4150 con-

375 4177 585 4231 firmari
620 4176 842 4232 videtur
877 4178 1238 4232 monumento
1276 4178 1522 4245 quodam
1557 4176 1771 4231 Romae
1810 4177 1870 4231 in
1898 4178 2363 4233 conservatorum
2401 4192 2548 4245 quae
2578 4175 2786 4231 dicitur
2823 4177 2987 4231 domo

276 4255 282 4260 ’
373 4260 607 4312 servat0.
681 4256 836 4310 Dicit
873 4254 1021 4310 enim
1066 4256 1208 4310 mihi
1244 4255 1532 4311 Dieterich
1578 4255 1790 4311 ibidem
1838 4255 2168 4326 Telesphori
2216 4259 2466 4310 statuam
2513 4274 2573 4311 se
2618 4256 2825 4310 vidisse
2861 4274 2988 4326 par-

373 4337 580 4407 vulam,
621 4336 718 4405 qui
758 4352 984 4406 corpore
1020 4339 1278 4406 porrecto
1317 4336 1502 4407 capite
1538 4353 1709 4390 manu
1749 4336 1929 4390 altera
1965 4336 2111 4390 fulto
2162 4335 2578 4391 dormientis
2628 4336 2989 4390 exhiberet

375 4416 689 4488 speciem.
729 4446 798 4456 -—
835 4416 1202 4470 Monumenta
1227 4416 1492 4486 locosque
1521 4417 1593 4470 ad
1623 4415 2025 4486 Telesphorum
2050 4415 2397 4486 pertinentes
2427 4416 2741 4486 composuit
2768 4415 2989 4469 Schenk

377 4496 461 4551 De
498 4496 838 4567 Telesphoro
878 4495 983 4550 deo
1022 4494 1276 4567 Gotting.
1308 4502 1462 4552 1888.

558 4580 609 4647 1)
646 4578 729 4631 De
764 4577 964 4631 Iasone
993 4607 1061 4617 —
1092 4575 1198 4631 deo
1225 4576 1443 4631 medico
1473 4576 1705 4647 eiusque
1723 4575 1807 4632 rei
1835 4574 2092 4646 vestigiis
2111 4574 2242 4632 vide
2263 4575 2569 4632 Usenerum
2586 4575 2987 4654 Gotternamen

374 4675 428 4727 p.
462 4662 563 4710 156
584 4674 702 4725 sqq.

555 4740 610 4812 2)
647 4736 729 4791 De
766 4754 877 4807 quo
915 4737 1044 4793 vide
1080 4737 1389 4793 Usenerum
1425 4737 1460 4794 1.
1493 4757 1533 4794 3.
1563 4758 1617 4809 p.
1650 4743 1767 4794 156.

2494 4824 2563 4878 δὴ
