3611 5264
1293 317 1375 371 De
1412 316 1772 372 incubatione
1811 316 2132 371 christiana.
2778 398 2783 401 ἠ
2941 318 3024 381 79

599 478 925 565 Superest,
972 483 1045 544 ut
1094 502 1493 564 quaeramus,
1539 502 1694 544 num
1738 479 2040 564 Byzantii
2086 480 2154 543 in
2209 479 2367 543 urbe
2410 478 2711 544 Dioscuri
2756 480 3028 544 fortasse

415 577 611 642 simili
658 579 849 644 modo
897 600 1012 662 per
1058 578 1537 642 incubationem
1586 578 1952 643 curaverint
2014 582 2338 663 aegrotos3
2395 599 2524 661 qua
2577 600 2656 642 ex
2710 599 2780 641 re
2837 579 3025 642 etiam
3110 594 3116 600 ·

414 675 647 740 clarius
697 676 1069 761 explicetur,
1116 677 1438 761 quomodo
1486 677 1627 740 fieri
1672 676 1978 760 potuerit,
2023 679 2098 740 ut
2142 679 2456 760 martyres
2515 676 2847 740 christiani
2892 681 3025 740 tam

413 778 547 838 arte
568 775 648 837 ad
676 775 828 839 deos
857 776 962 839 vel
989 775 1214 839 heroes
1246 773 1519 840 Graecos
1558 797 1625 839 se
1654 774 2136 858 applicaverint.
2191 773 2419 858 Neque
2445 774 2567 839 hac
2604 774 2673 837 in
2699 796 2769 838 re
2798 775 3026 838 desunt

411 873 800 937 testimonia.
866 872 1134 959 Legitur
1181 873 1349 937 enim
1394 873 1564 957 apud
1605 872 2003 956 Hesychium
2055 871 2382 936 Milesium
2429 871 2510 936 15
2549 870 2725 937 FHG
2771 870 2866 936 IV
2899 873 3024 935 149

412 967 608 1056 (unde
655 971 868 1034 fluunt
924 993 1088 1055 quae
1136 974 1387 1036 exstant
1444 971 1511 1034 in
1578 968 1823 1034 Codino
1889 968 1986 1034 De
2052 970 2410 1054 originibus
2478 967 2833 1053 Gpolitanis
2880 992 3025 1055 pag.

411 1070 471 1151 6,
512 1067 593 1131 15
651 1069 745 1134 ed.
791 1067 1026 1155 Bonn.)
1083 1069 1232 1135 hoc:
1290 1080 1426 1134 τῶν
1482 1065 1556 1133 δὲ
1623 1069 2174 1154 Διοσκούρων,
2238 1069 2647 1154 Κάστορός
2710 1067 2796 1132 τέ
2855 1093 3024 1153 φημι

408 1164 533 1230 καὶ
592 1168 1186 1250 Πολυδεύκους,·
1237 1166 1350 1254 (sc.
1389 1164 1734 1253 templum)
1782 1166 1856 1231 ἐν
1910 1174 2000 1253 τῷ
2057 1174 2172 1248 τῆς
2229 1164 2606 1252 Σεμέστρης
2659 1168 2860 1254 βωμῷ
2915 1165 3025 1231 καὶ

409 1274 486 1350 τῇ
533 1276 666 1329 τῶν
710 1263 1088 1351 ποταμῶνῑ)
1135 1263 1306 1349 μίξει
1355 1262 1467 1351 (sc.
1517 1264 1835 1328 exstruxit
1879 1261 2141 1349 Byzas),
2189 1262 2271 1328 ἐν
2317 1255 2370 1350 ᾦ
2416 1260 2543 1327 καὶ
2604 1264 2828 1339 λύσις
2872 1274 3024 1329 τῶν

407 1369 683 1428 παθῶν
728 1374 897 1440 τοῖς
942 1363 1406 1449 ἀνθρώποις
1451 1362 1777 1446 ἐγίνετο.
1870 1360 2036 1426 Sane
2081 1360 2185 1424 hic
2240 1360 2408 1424 nihil
2455 1360 2691 1425 dicitur
2738 1361 2813 1425 de
2861 1384 3025 1425 som-

406 1462 550 1544 niis,
598 1462 666 1523 in
713 1462 945 1545 quibus
993 1464 1342 1546 appareant
1388 1459 1706 1544 Dioscuri,
1751 1465 1970 1524 tamen
2014 1460 2245 1524 lacuna
2291 1458 2584 1543 expletur
2629 1458 2831 1523 altero
2878 1459 3021 1525 loco

303 1633 311 1640 ⁵
410 1558 479 1620 in
526 1558 788 1623 scholiis
836 1559 916 1622 ad
961 1559 1254 1623 Persium
1291 1557 1356 1624 ΙΙ
1393 1557 1479 1623 56
1517 1583 1577 1642 p.
1616 1558 1704 1623 20
1741 1558 2039 1623 Buechel.
2078 1557 2266 1622 nobis
2305 1561 2583 1621 servato:
2630 1558 2785 1635 „alii
2819 1563 3024 1622 autem

415 1656 667 1738 ‘fratres
713 1657 922 1721 aenos’
971 1657 1286 1723 Pollucem
1331 1663 1389 1723 et
1437 1656 1749 1722 Castorem
1796 1654 1910 1743 (sc.
1959 1668 2095 1721 esse
2141 1654 2421 1742 putant),
2466 1656 2576 1737 qui
2623 1657 2855 1738 fratres
2894 1657 3025 1738 fue-

407 1760 559 1819 runt
609 1760 668 1818 et
719 1756 1061 1837 aliquando
1114 1761 1318 1821 nocte
1374 1755 1610 1822 Persen
1665 1756 2081 1820 Macedoniae
2143 1776 2342 1837 reyem
2397 1755 2845 1818 nuntiaverunt
2904 1755 3024 1818 vic-

408 1850 620 1938 tum2),
667 1855 738 1917 in
783 1875 1044 1936 quorum
1099 1855 1317 1937 templo
1371 1856 1825 1920 somniorum
1881 1855 2327 1934 interpretes
2379 1851 2593 1916 haberi
2645 1853 2860 1929 solent,
2916 1854 3026 1934 qui

401 1972 594 2032 puros
640 1972 682 2014 a
716 1954 957 2033 pituita
1010 1954 1215 2019 visus
1260 1954 1580 2018 hominum
1626 1952 2058 2035 exponebantf‘
2151 1949 2312 2015 Cum
2375 1950 2771 2015 somniorum
2832 1950 3023 2014 inter-

301 2061 306 2066 ’
406 2054 618 2132 pretes
684 2048 752 2112 in
811 2050 1272 2116 Dioscurorum
1342 2051 1585 2136 templo
1648 2051 2065 2133 haberentur,
2130 2049 2420 2134 sequitur
2477 2048 2792 2133 templum
2863 2049 3023 2112 illud

409 2148 663 2211 somnia
709 2149 1061 2232 accipiendi
1109 2171 1298 2214 causa
1344 2150 1423 2214 ab
1471 2148 1844 2214 hominibus
1889 2148 2366 2231 frequentatum
2416 2169 2551 2211 esse
2563 2144 2632 2234 ³).
2697 2146 2821 2210 Per
2859 2169 3024 2211 som-

405 2267 562 2309 num
619 2250 834 2309 autem
893 2247 1085 2311 etiam
1142 2252 1451 2312 curatos
1509 2268 1645 2312 esse
1698 2246 1993 2311 homines
2051 2269 2088 2309 a
2141 2245 2473 2310 Dioscuris
2529 2244 2734 2309 elucet
2793 2266 2869 2308 ex
2924 2246 3022 2328 iis,

406 2364 567 2425 quae
631 2343 673 2408 l.
732 2366 779 2408 S.
846 2348 1173 2409 secuntur:
1239 2367 1413 2430 „cum
1476 2346 1756 2410 Romani
1804 2345 2161 2427 pestilentia
2221 2344 2586 2420 laborarent,
2652 2341 2915 2407 Castor
2958 2348 3026 2406 et

405 2439 682 2506 Pollux
726 2443 806 2505 in
849 2444 1166 2508 somniis
1216 2444 1514 2525 populum
1569 2447 2035 2520 monuerunt,
2090 2440 2355 2523 quibus
2408 2441 2757 2504 remediis
2811 2461 3021 2505 cura-

402 2538 714 2604 rentur.“
812 2538 1152 2624 Templum
1220 2539 1381 2604 illud
1443 2540 1909 2605 Dioscurorum
1973 2537 2414 2603 Romanorum
2480 2538 2548 2600 in
2615 2537 2756 2601 foro
2824 2539 3020 2601 situm

405 2658 540 2701 esse
599 2639 1028 2703 notissimum.
1142 2638 1360 2724 Atque
1429 2640 1708 2703 maxime
1776 2639 1965 2703 nobis
2034 2638 2287 2702 videtur
2363 2635 2780 2701 memorabile
2848 2636 3020 2699 haud

403 2736 630 2818 procul
677 2737 756 2800 ab
807 2759 881 2800 eo
929 2759 1124 2821 supra
1179 2741 1393 2801 vetere
1447 2736 1711 2801 Romuli
1768 2758 1947 2802 sacro
2003 2737 2184 2800 iuxta
2237 2734 2568 2800 basilicam
2617 2732 3021 2798 Constantini

407 2834 806 2918 temporibus
867 2834 1333 2919 posterioribus
1398 2836 1730 2900 ecclesiam
1795 2837 2187 2899 exstructam
2250 2856 2385 2898 esse
2447 2855 2524 2897 sS.
2584 2830 2893 2897 Cosmae
2950 2837 3021 2897 et

403 2929 787 3015 Damiani‚
845 2933 1190 2997 eorundem
1246 2955 1709 3019 anargyrorum
1774 2933 2244 3016 Romanorum,
2310 2953 2471 3015 quos
2536 2931 2761 2996 eodem
2826 2930 3016 2994 modo

402 3033 595 3113 atque
653 3030 899 3096 Arabes
959 3054 1073 3116 per
1133 3032 1612 3098 incubationem
1677 3053 1932 3096 sanasse
1992 3034 2289 3116 aegrotos
2362 3051 2438 3093 ex
2499 3027 2815 3094 Actorum
2874 3029 3017 3093 loco

402 3149 596 3211 supra
660 3127 749 3215 (p.
789 3128 905 3217 69)
985 3129 1431 3196 conclusimus.
1550 3129 1688 3195 Iam
1760 3130 1939 3194 vides
2013 3129 2094 3193 ad
2157 3128 2616 3193 Dioscurorum
2703 3125 3017 3210 templum

400 3224 765 3294 Romanum
812 3228 1120 3312 migrasse
1167 3233 1483 3313 aegrotos,
1529 3232 1602 3292 ut
1639 3250 1753 3312 per
1799 3250 2095 3292 somnum
2143 3227 2423 3291 remedia
2469 3226 2592 3290 sibi
2630 3224 3017 3309 indicentur3

401 3321 717 3406 templum
763 3346 984 3388 eorum
1028 3325 1459 3409 Byzantinum
1520 3326 1742 3390 eodem
1802 3326 2048 3391 scilicet
2103 3324 2371 3391 consilio
2429 3324 2509 3388 ab
2557 3324 2837 3409 aegrotis
2894 3323 3016 3386 fre-

401 3420 848 3506 quentabatur,
897 3422 1159 3488 Cosmas
1207 3429 1270 3488 et
1304 3423 1658 3488 Damianus
1695 3423 1995 3489 Dioscuri
2043 3424 2224 3507 quasi
2273 3422 2604 3488 christiani
2642 3421 2866 3485 itidem
2903 3443 3018 3504 per

402 3541 701 3583 somnum
730 3521 797 3583 in
826 3542 1004 3585 sacro
1036 3520 1215 3609 suo4)
1246 3522 1596 3586 visitabant
1629 3522 1944 3610 infirmos:
1973 3522 2237 3586 nomina
2264 3524 2612 3603 mutantur,
2641 3521 3016 3603 permanent

399 3618 682 3704 numina,
728 3623 1058 3703 permanet
1103 3641 1220 3686 res.

586 3816 636 3885 1)
677 3813 820 3868 Sunt
856 3811 1086 3881 quidem
1125 3812 1377 3882 Cydams
1416 3815 1474 3868 et
1510 3813 1817 3883 Barbyses3
1856 3812 1923 3868 cf.
1964 3811 2094 3868 Hes.
2119 3819 2152 3867 3
2182 3832 2237 3883 p.
2259 3818 2377 3868 14¹7:
2425 3812 2565 3882 φασὶ
2603 3810 2704 3882 μὲν
2741 3806 3016 3883 Ἀργείους
3080 3876 3087 3882 ,

399 3895 653 3962 πρώτους
692 3939 701 3949 .
744 3936 756 3948 .
799 3939 808 3949 .
847 3893 1140 3961 πήξασθαι
1176 3893 1278 3956 τὰς
1314 3892 1555 3961 οἰκήσεις
1590 3893 1652 3949 ἐν
1690 3891 1884 3967 ἐκείνῳ
1919 3898 1996 3967 τῷ
2033 3892 2232 3968 χωρίῳ,
2270 3893 2332 3949 ἐν
2369 3886 2413 3966 ᾦ
2461 3891 2779 3961 Κύὸαρός
2822 3912 2880 3946 τε
2917 3894 3015 3946 καὶ

402 3974 757 4045 Βαρβύσης
804 3975 1048 4043 ποταμοὶ
1092 3974 1196 4037 τὰς
1240 3973 1531 4038 διεξόδους
1573 3983 1871 4030 ποιοῦνται
1912 4020 1922 4030 .
1965 4016 1976 4028 .
2019 4019 2030 4030 .
2068 3974 2213 4029 κατὰ
2257 3974 2358 4028 τὸν
2400 3981 2501 4042 τῆς
2546 3970 2843 4043 λεγομένης
2890 3975 3013 4026 Σε-

400 4050 683 4123 μέστρης
718 4055 941 4123 νύμφης
977 4055 1201 4126 βωμὸν
1236 4062 1303 4125 τῇ
1340 4053 1597 4126 θαλάσσῃ
1636 4055 1978 4125 μιγνύμενοι.

579 4137 633 4204 2)
671 4133 739 4189 cf.
780 4134 890 4188 Cic.
930 4133 999 4188 N.
1030 4134 1095 4190 D.
1124 4135 1175 4187 II
1204 4141 1255 4203 2,
1284 4140 1342 4190 6:
1380 4136 1484 4201 „P.
1524 4136 1668 4189 enim
1718 4137 1995 4202 Vatinius,
2035 4180 2045 4190 .
2080 4180 2090 4190 .
2124 4180 2135 4190 .
2164 4152 2287 4189 cum
2324 4152 2351 4188 e
2380 4134 2733 4203 praefectura
2769 4133 3013 4188 Reatina

401 4215 635 4270 Romam
668 4216 909 4270 venienti
943 4220 1143 4271 noctu
1178 4214 1288 4269 duo
1324 4216 1542 4270 iuvenes
1576 4233 1700 4270 cum
1736 4232 1763 4270 e
1776 4216 1927 4286 quis
1972 4215 2113 4269 albis
2150 4215 2416 4270 dixissent
2451 4232 2625 4284 reyem
2663 4214 2881 4269 Persem
2916 4215 3012 4267 illo

399 4295 489 4349 die
522 4301 762 4364 captum,
797 4296 1016 4351 senatui
1050 4296 1388 4351 nuntiavit.“
1963 4300 1987 4311 “

580 4378 635 4444 3)
673 4374 765 4428 Sic
801 4374 1052 4444 Memphi
1090 4391 1312 4444 quoque
1348 4374 1409 4429 in
1446 4375 1692 4446 Sarapeo
1731 4373 2157 4445 ἐνυπνιοκρίτης
2192 4375 2539 4444 versabatur,
2579 4375 2647 4429 cf.
2686 4374 2916 4428 Notices
2954 4375 3013 4425 et

404 4454 636 4509 extraits
675 4453 857 4509 XVIII
885 4461 917 4508 2
945 4472 999 4523 p.
1030 4460 1135 4508 334
1162 4472 1291 4526 pap.
1324 4461 1410 4523 54,
1440 4461 1522 4511 78.
1599 4456 1861 4526 Sarapidi
1898 4456 2228 4509 incubatum
2266 4472 2387 4510 esse
2423 4455 2794 4509 notissimum.

577 4536 633 4606 4)
669 4534 751 4589 De
790 4534 949 4589 cuius
988 4534 1101 4588 situ
1140 4536 1208 4591 cf.
1238 4535 1388 4590 infra
1422 4554 1476 4605 p.
1509 4541 1610 4590 107
1634 4554 1715 4603 sq.
