3611 5264
1335 337 1417 390 De
1454 335 1819 391 incubatione
1855 336 2179 392 christiana.
2980 339 3066 402 93

452 504 516 564 et
552 498 821 566 Ioannes
836 498 904 586 ¹).
962 499 1327 566 Oeconomo
1365 500 1701 564 adiunctus
1739 504 1877 564 erat
1911 500 2200 565 notarius
2217 497 2287 587 ²).
2348 499 2686 565 Praeterea
2723 505 3066 566 occurrunt

451 596 724 663 Ioannes
772 600 1082 676 διάκονος
1097 597 1170 686 3),
1217 599 1397 664 cuius
1443 597 1843 663 domicilium
1891 621 2037 663 cum
2084 599 2226 682 ipso
2272 597 2517 682 templo
2579 602 2716 663 erat
2771 600 3067 664 coniunc-

448 695 654 784 tum4)
668 747 686 780 ,
733 695 1004 762 Ioannes
1053 698 1312 780 quidam
1369 706 1485 781 τῆς
1536 700 1897 783 θεραπείας
1950 705 2071 762 τοῦ
2126 706 2262 762 τῶν
2315 696 2528 780 ἁγίων
2585 698 3066 783 προϊστάμενος

448 798 784 880 μνήματος
830 795 964 884 (40,
994 794 1168 858 3576
1188 793 1313 883 D),
1366 792 1737 881 θυρωροίὸ)
1794 791 1929 880 (67,
1959 792 2134 859 3653
2152 792 2229 883 C)
2284 794 2389 859 vel
2442 798 2749 881 πυλωροί
2801 793 2916 883 (ib.
2955 794 3064 883 D),

369 904 380 919 ·
446 892 893 970 ὑποδιάκονος
909 891 981 980 ⁶),
1028 894 1301 976 denique
1348 893 1417 957 in
1462 892 1834 957 universum
1891 892 1983 956 sic
2037 891 2343 977 appellati
2398 899 2490 980 τῷ
2536 902 2664 980 νεῷ
2713 894 3065 958 διακονού-

446 1015 634 1075 μενοι
655 988 723 1079 ⁷).
796 990 976 1056 Inter
1005 1013 1195 1074 quem
1220 991 1727 1056 ministrantium
1763 1012 2103 1055 numerum
2141 990 2311 1055 haud
2348 991 2537 1075 pauci
2575 991 3064 1057 inveniebantur

449 1111 689 1173 eorum,
737 1090 848 1172 qui
896 1090 1200 1174 gravibus
1247 1089 1490 1154 morbis
1539 1092 1908 1153 sanctorum
1954 1110 2076 1172 ope
2120 1087 2378 1153 liberati
2423 1088 2548 1154 hoc
2583 1089 2775 1155 modo
2823 1091 3062 1175 gratias

446 1209 595 1251 suas
650 1187 1111 1271 persolverunt.
1204 1185 1279 1251 Id
1339 1186 1511 1270 quod
1571 1208 1716 1251 cum
1778 1209 1813 1250 e
1866 1207 2023 1250 voce
2078 1192 2487 1273 λειτουργῶν
2551 1185 2758 1251 elucet
2810 1189 3061 1252 muneri

445 1289 739 1369 suscepto
787 1284 1083 1374 additass),
1129 1289 1270 1350 tum
1315 1285 1611 1369 pluribus
1659 1283 1970 1369 exemplis
2009 1285 2374 1349 confirmari
2419 1287 2635 1369 potest
2646 1282 2715 1372 ⁹).
2788 1284 3063 1350 Notissi-

443 1406 586 1447 mus
634 1382 983 1468 Sophronii
1028 1383 1429 1467 temporibus
1477 1386 1613 1447 erat
1661 1381 1973 1469 Georgius
2021 1404 2231 1467 senex,
2279 1383 2390 1466 qui
2438 1384 2771 1468 sexaginta
2816 1388 3060 1468 septem

442 1504 556 1565 per
601 1504 801 1547 annos
863 1483 932 1546 in
985 1503 1165 1546 sacro
1219 1486 1511 1546 versatus
1568 1487 1705 1547 erat
1757 1484 2007 1568 χρόνον
2050 1483 2202 1546 τινὰ
2261 1491 2382 1547 τοῦ
2436 1491 2606 1547 ναοῦ
2659 1489 3064 1567 θαυμαστῶς

440 1578 853 1665 ἡγησάμενος
908 1579 1013 1665 51,
1042 1580 1218 1644 3613
1238 1578 1399 1665 BJO.
1498 1578 1772 1663 Accidit,
1833 1583 1906 1644 ut
1962 1579 2086 1663 ipsi
2143 1580 2349 1644 sancti
2401 1580 2677 1644 retinere
2731 1579 2936 1644 velint
2990 1580 3059 1643 in

443 1699 619 1742 sacro
669 1701 813 1761 suo,
870 1701 1061 1761 quem
1120 1678 1311 1743 modo
1369 1679 1756 1765 curaverint3
1817 1679 1910 1743 sic
1964 1698 2149 1742 caeco
2206 1676 2434 1743 loanni
2495 1678 2884 1743 subdiacono
2944 1700 3060 1761 per

442 1768 738 1841 somnum
777 1774 1031 1841 dicunt:
1075 1777 1151 1841 τὸ
1191 1777 1430 1842 λοιπὸν
1475 1772 1601 1842 οὖν
1647 1775 1938 1843 ἐνθάδε
1973 1786 2110 1840 τῶν
2145 1779 2528 1861 μυστηρίων
2575 1782 2871 1862 Χριστοῦ
2916 1799 3058 1860 μετ-

443 1875 768 1959 ελάμβανε
828 1873 1427 1962 (1.μεταλάμβανε)
1489 1874 1594 1959 37,
1622 1872 1792 1938 3561
1819 1874 1897 1940 D.
1998 1873 2181 1940 Iusso
2248 1874 2475 1939 effecto
2540 1873 2751 1939 tribus
2832 1873 3057 1939 diebus

438 1977 587 2055 post
632 1977 893 2038 sanatur
938 1972 1235 2057 IoanneS,
1292 1973 1554 2038 domum
1600 1996 1751 2039 vero
1815 1974 1967 2037 dum
2023 1973 2378 2057 contendit,
2439 1974 2509 2038 in
2562 1973 2791 2038 itinere
2847 1973 3054 2038 denuo

440 2069 780 2135 oculorum
834 2071 1187 2137 luminibus
1242 2072 1549 2156 privatur.
1639 2071 1959 2138 Reversus
2016 2073 2097 2138 ad
2162 2093 2412 2136 sacrum
2468 2070 2846 2154 ἀναβλέψας
2901 2073 3056 2137 δου-

440 2170 616 2235 λεύει
662 2180 801 2247 τοῖς
839 2172 1122 2258 μάρτυσι
1163 2168 1369 2258 (3564
1390 2168 1496 2258 C);
1539 2192 1747 2254 neque
1792 2175 2013 2236 tamen
2049 2171 2282 2236 iterum
2320 2170 2577 2254 penitus
2624 2173 2898 2253 curatur,
2944 2170 3055 2235 ἵνα

436 2275 678 2332 τοῦτον
724 2269 913 2334 ἄλλοι
959 2271 1289 2354 θεώμενοι
1339 2267 1594 2334 ἑαυτῶν
1639 2268 2119 2356 ἁσφαλέστεροι
2164 2272 2507 2352 γίγνοιντο
2546 2266 2720 2332 3565
2740 2268 2815 2331 Β.
2878 2265 3057 2331 Inter

436 2365 555 2429 hos
619 2370 979 2452 martyrum
1044 2367 1309 2432 ‘servos’
1374 2367 1648 2450 denique
1707 2366 2249 2432 commemorandi
2305 2371 2454 2430 sunt
2520 2368 2879 2451 φιλόπονοι
2938 2365 3053 2449 illi,

437 2463 546 2544 qui
594 2487 631 2527 a
676 2465 988 2529 ministris
1035 2465 1225 2530 modo
1273 2466 1565 2529 tractatis
1610 2487 1743 2529 non
1789 2464 2025 2529 diversi
2071 2465 2269 2528 fuisse
2315 2463 2638 2528 videntur:
2700 2468 2881 2528 erant
2928 2464 3053 2547 ipsi

438 2582 690 2645 quoque
739 2584 817 2626 ex
863 2567 1272 2649 aegrotorum
1321 2563 1432 2647 qui
1479 2563 1935 2628 convaluerant
1979 2584 2247 2630 numero
2261 2559 2357 2649 ¹⁰).

615 2668 879 2734 Sacrum
946 2669 1108 2733 illud
1178 2669 1330 2754 Cyri
1389 2674 1454 2734 et
1513 2668 1772 2734 Ioannis
1838 2693 1913 2735 eo
1974 2669 2181 2755 magis
2252 2670 2410 2733 adeo
2465 2670 2693 2733 florere
2762 2670 3051 2753 potuisse

434 2766 769 2831 miraberis
781 2818 799 2851 ,
860 2788 1006 2832 cum
1064 2766 1399 2854 intelleges
1462 2789 1587 2850 qua
1648 2769 1899 2832 ratione
1952 2772 2309 2851 martyrum
2366 2766 2576 2831 cultus
2636 2769 3050 2851 postmodum

613 2966 640 3013 1
762 3004 771 3015 .
1100 3006 1109 3016 .
1183 3004 1193 3015 .

610 2962 667 3110 2)
702 2960 1023 3111 557132‘7254333
1044 2961 1509 3112 ἓΧΒριστοδώρου
1542 3051 1644 3098 τοῦ
1689 3051 1801 3098 τῶν
1838 3039 2016 3113 ἁγίων
2064 3038 2367 3111 οἰκονόμου
2413 3039 2674 3110 νοτάριος
2721 3046 2806 3111 39,
2828 3047 2967 3095 3576
2979 3043 3044 3096 A.

432 3119 463 3174 ὃ
499 3120 759 3191 νοτάριος
798 3122 827 3177 ὁ
865 3124 1232 3196 Χριστοδώρῳ
1269 3124 1365 3178 καὶ
1411 3131 1478 3195 τῇ
1525 3132 1636 3179 τῶν
1683 3121 1861 3194 ἁγίων
1908 3120 2202 3198 οἰκονομία
2249 3122 2690 3193 διακονούμενος
2734 3122 2805 3176 de
2851 3123 3050 3178 eodem

431 3199 598 3254 Mena
635 3207 721 3269 40,
751 3208 888 3255 3576
908 3203 973 3256 D.

611 3276 666 3342 3)
698 3271 967 3328 Ἰωάννου
1005 3273 1106 3343 μὲν
1142 3283 1242 3329 τοῦ
1280 3272 1553 3331 διακόνου
1589 3283 1688 3330 τοῦ
1725 3284 1837 3329 τῶν
1875 3271 2052 3347 ἁγίων
2086 3271 2351 3343 τεμένους
2391 3280 2473 3343 11,
2504 3279 2643 3328 3452
2663 3274 2725 3328 B.

608 3353 664 3419 4)
700 3350 992 3421 παρέκειτο
1031 3353 1138 3424 γὰρ
1177 3355 1327 3427 αὐτῷ
1364 3358 1459 3425 (sc.
1497 3360 1574 3428 τῷ·
1609 3354 1847 3425 τεμένει)
1894 3355 1958 3409 τὸ
2006 3353 2316 3424 δωμάτιον,
2364 3355 2460 3409 καὶ
2506 3354 2605 3409 διὰ
2647 3362 2746 3409 τοῦ
2793 3355 2901 3410 νεὼ
2943 3354 3047 3424 τὴν

431 3432 510 3494 εἰς
546 3427 708 3487 οἷκον
745 3432 967 3488 εἴσοδον
1004 3433 1244 3489 ἐποιεῖτο
1282 3436 1380 3489 καὶ
1419 3435 1615 3501 ἔξοδον
1652 3436 1728 3490 ib.
1768 3436 1835 3489 D.

610 3515 662 3584 5)
703 3513 959 3568 Caloetes
998 3513 1231 3583 quidam
1267 3514 1478 3569 ianitor
1515 3533 1549 3570 a
1586 3515 1931 3585 martyribus
1968 3530 2069 3584 per
2105 3532 2359 3569 somnum
2404 3514 2750 3584 flagellatur,
2798 3514 2935 3583 quia
2973 3516 3046 3568 ad

430 3592 736 3663 Georgium
773 3598 1068 3663 aegrotum
1104 3594 1386 3649 medicum
1423 3595 1737 3650 adduxerat
1776 3600 1862 3664 67,
1893 3601 2032 3649 3656
2044 3596 2105 3649 Β.

607 3675 660 3744 6)
697 3676 1030 3743 λειτουργῶν
1067 3675 1143 3738 ὡς
1177 3674 1557 3739 ὑποδιάκονος
1592 3676 1654 3731 ἐν
1700 3681 1776 3748 τῷ
1827 3680 2006 3746 σεπτῷ
2043 3685 2155 3730 τῶν
2192 3673 2369 3746 ἁγίων
2414 3675 2674 3745 οἰκήματι
2712 3680 2798 3744 36,
2817 3680 2957 3730 3549
2980 3676 3043 3730 A.

608 3757 661 3824 7)
699 3753 754 3808 οἱ
808 3751 931 3809 τότε
993 3759 1071 3828 τῷ
1125 3760 1234 3828 νεῷ
1298 3756 1729 3826 διακονούμενοι
1789 3761 1848 3824 1,
1887 3761 2025 3810 3425
2046 3756 2111 3811 D.
2178 3756 2233 3810 οἱ
2296 3760 2372 3828 τῷ
2442 3760 2550 3829 νεῷ
2614 3756 3045 3826 διακονούμενοι

428 3839 513 3902 67,
543 3838 681 3888 3653
702 3835 763 3888 Β.

606 3917 659 3984 8)
696 3932 744 3969 v,
785 3915 913 3969 adn.
944 3921 993 3970 6.
1025 3915 1092 3970 cf.
1125 3921 1211 3989 67,
1241 3921 1380 3971 3653
1400 3917 1474 3970 D:
1532 3918 1779 3986 πυλωροὶ
1820 3959 1832 3970 .
1865 3960 1877 3972 .
1911 3962 1921 3972 .
1966 3916 2062 3970 καὶ
2101 3916 2155 3970 οἱ
2205 3916 2307 3985 τὴν
2343 3914 2693 3985 λειτουργίαν
2729 3924 2841 3970 τῶν
2870 3913 3046 3985 ἁγίων

426 3995 767 4064 ποιούμενοι.

605 4077 659 4146 9)
698 4075 935 4130 Ioannes
972 4076 1280 4146 Byzantius
1320 4077 1506 4140 ἰαθεὶς
1551 4079 1647 4132 καὶ
1693 4073 1926 4148 ῥὐσθεὶς
1969 4086 2070 4132 τοῦ
2117 4077 2428 4147 νοσήματος
2473 4074 2698 4148 χάριτος
2743 4075 2908 4132 ἕνεκα
2946 4078 3043 4133 διὰ

426 4153 554 4226 βίου
591 4155 877 4210 δουλεύειν
912 4165 1030 4219 τοῖς
1067 4156 1250 4227 ἁγίοις
1285 4155 1548 4228 ὑπέσχετο
1591 4164 1673 4228 11,
1705 4163 1844 4212 3453
1861 4158 1926 4213 A.
1966 4157 2105 4227 ’ὑπὲρ
2144 4154 2224 4213 ὧν
2252 4156 2518 4213 ἁπάντων
2546 4158 2885 4228 εὐχαριστῶν
2914 4161 3042 4213 δου-

425 4235 570 4289 λεύει
608 4233 928 4298 σπουδαίως
952 4246 1070 4299 τοῑς
1097 4239 1367 4307 μάρτυσιν
1398 4238 1743 4309 (Theodorus
1775 4237 2175 4308 subdiaconus)
2207 4244 2292 4306 36,
2314 4243 2451 4292 3561
2476 4239 2539 4299 A,
2603 4239 2841 4294 Ioannes
2871 4239 3041 4307 Libys

423 4316 605 4386 τυχὼν
641 4323 739 4386 τῆς
775 4317 1087 4384 λυτρώσεως
1118 4327 1232 4374 τῶν
1270 4317 1587 4374 σεσωκότων
1624 4316 1802 4389 ἁγίων
1839 4320 2044 4374 δοῦλον
2083 4317 2284 4373 ἑαυτὸν
2321 4318 2795 4391 ἀπεγράψατο...
2826 4320 2921 4373 καὶ
2957 4362 3001 4373 ..
3029 4361 3039 4370 .

423 4396 486 4450 τὸ
524 4406 635 4452 τῶν
673 4393 849 4466 ἁγίων
885 4398 1189 4467 μαρτύριον
1226 4395 1441 4472 ᾤκησεν
1478 4404 1565 4467 40,
1596 4403 1734 4452 3577
1754 4399 1820 4452 A.
1878 4398 2162 4453 Tribunus
2191 4415 2389 4453 caecus
2420 4403 2652 4455 sanatus
2679 4398 2815 4467 παρ’
2851 4400 3042 4459 αὐτοῖς

423 4480 518 4546 (sc.
554 4486 674 4540 τοῖς
700 4474 904 4549 ἁγίοις)
931 4478 1030 4533 τὸν
1059 4476 1349 4534 ἐπίλοιπον
1376 4487 1477 4534 τοῦ
1506 4477 1634 4551 βίου
1662 4475 1869 4549 χρόνον
1894 4478 2216 4552 κατῴκησεν
2244 4486 2331 4550 46,
2363 4485 2502 4534 3596
2524 4481 2587 4533 D.
2646 4479 2713 4532 cf.
2746 4495 2777 4531 e
2806 4478 3038 4531 Cosmae

425 4559 483 4610 et
519 4557 782 4612 Damiani
819 4556 1123 4626 miraculis,
1162 4576 1306 4627 quae
1344 4560 1406 4614 in
1442 4559 1562 4613 cod.
1583 4557 1827 4613 Vindob.
1857 4562 2112 4614 exstant:
2153 4561 2342 4622 ἰαθεὶς
2379 4561 2409 4615 ὁ
2448 4559 2591 4628 ἀνὴρ
2631 4558 2845 4627 ἔμεινεν
2880 4555 3037 4627 μέχρι

423 4645 521 4691 τοῦ
556 4635 836 4707 παρόντος
870 4635 1107 4708 πλησίον
1142 4648 1254 4694 τῶν
1290 4637 1467 4712 ἁγίων
1502 4638 1606 4709 τὴν
1643 4637 1864 4708 οἴκησιν
1901 4639 2057 4710 ἔχων.

568 4722 654 4789 10)
692 4719 748 4784 ἐξ
786 4720 972 4773 αὐτῶν
1010 4717 1075 4773 δέ
1113 4719 1217 4774 εἰσι
1252 4729 1364 4776 τῶν
1401 4722 1663 4776 ἀσθενῶν
1701 4720 1755 4775 οὶ
1793 4720 2101 4791 δυνάμενοι
2139 4727 2225 4791 35,
2257 4727 2395 4776 3544
2412 4721 2467 4775 G.
