3611 5264
1392 359 1475 413 De
1513 358 1741 413 somniis
1781 359 2005 416 divinis.
2918 360 2996 424 11

530 518 602 573 τὸ
642 528 778 589 φῶς
825 520 879 575 οἱ
923 521 1083 575 θεοὶ
1129 517 1611 589 ἐπιφαίνονται,
1667 517 1770 574 ὅσα
1816 539 1874 574 τε
1921 518 2174 590 λέγουσιν
2210 519 2481 574 ἀκούουσι
2519 521 2615 575 καὶ
2651 517 2756 574 ὅσα
2795 523 3000 588 δρῶσιν

529 598 678 654 ἴσασι
714 604 1249 668 παρακολουθοῦσαι
1296 599 1490 653 Iambl.
1540 600 1574 654 l.
1615 617 1658 653 c.
1743 600 1827 654 De
1884 600 2191 670 Trophonii
2250 600 2501 655 oraculo:
2567 598 2893 672 ἀναβλέψας
2937 599 2999 655 δὲ

531 679 633 748 τὴν
662 678 763 748 μὲν
791 689 897 750 γῆν
934 681 1186 749 οὐδαμοῦ
1224 682 1501 749 καθορᾶν,
1532 679 1737 748 νήσους
1764 679 1826 734 δὲ
1864 678 2302 750 λαμπομένας
2338 683 2605 753 μαλακῷ
2651 678 2817 748 πυρί
2852 680 2999 738 Plut.

526 760 595 813 de
641 777 766 831 gen.
817 761 963 814 Socr.
1013 767 1079 813 22
1117 779 1170 830 p.
1202 765 1306 814 590
1337 759 1393 815 C.
1467 759 1551 814 De
1605 760 1916 814 Ptolemaei
1972 758 2211 815 somnio:
2286 761 2485 829 „simul
2541 761 2720 814 visum
2773 761 3000 815 eundem

525 841 771 895 iuvenem
829 843 893 895 in
949 841 1157 896 caelum
1213 841 1367 911 iyne
1413 841 1714 910 plurimo
1767 841 1987 896 attolli“
2070 840 2200 894 Tac.
2248 839 2391 894 Hist.
2439 840 2517 894 IV
2555 845 2638 893 83.
2723 839 2894 893 Plura
2941 839 3001 893 in

524 919 788 974 Aristidis
835 919 1186 975 orationibus
1232 919 1615 975 inveniuntur:
1681 919 1902 990 ἐφάνη
1950 918 2014 975 δὲ
2066 920 2161 974 καὶ
2199 920 2228 974 ὁ
2272 917 2615 988 Τελεσφόρος
2651 920 2866 987 νύκτωρ
2898 961 2909 973 .
2943 964 2953 975 .
2988 963 2997 973 .

527 1001 618 1054 καὶ
658 998 1055 1069 ἀπέλαμπεν
1104 1000 1164 1055 ἐν
1201 1005 1277 1073 τῷ
1315 1002 1656 1069 καταντικρὺ
1691 998 1860 1073 τοίχῳ
1901 998 2094 1063 σέλας
2130 998 2312 1068 ὥσπερ
2343 999 2400 1066 ἐξ
2437 998 2597 1068 ἡλίου
2631 999 2823 1065 Π419,
2846 1004 2914 1052 10
2931 998 2997 1053 Κ.

526 1077 741 1148 ἐγένετο
780 1080 842 1135 δὲ
871 1082 968 1135 καὶ
997 1090 1137 1149 φῶς
1172 1078 1327 1148 παρὰ
1354 1088 1452 1150 τῆς
1468 1077 1676 1142 Ἴσιδος
1711 1081 1809 1134 καὶ
1837 1079 1997 1148 ἕτερα
2025 1079 2293 1149 ἀμύθητα
2330 1077 2576 1149 φέροντα
2614 1080 2695 1142 εἰς
2722 1077 3001 1149 σωτηρίαν

533 1164 656 1227 424,
680 1165 759 1214 16.
811 1160 982 1231 ὤφθη
1019 1161 1083 1215 τὸ
1122 1159 1249 1223 ἕδος
1286 1159 1424 1230 (scil.
1463 1159 1904 1230 Aesculapii)...
1943 1161 2102 1227 πυρὶ
2151 1157 2587 1227 λαμπόμενον
2631 1159 2810 1231 κύκλῳ
2856 1157 3002 1228 πλὴν

526 1248 637 1294 τῶν
665 1244 925 1308 κεφαλῶν
954 1245 1076 1307 438,
1097 1246 1182 1294 25.
1221 1236 1660 1309 ἐπιστρέψαντος
1688 1238 1755 1294 δέ
1788 1259 1897 1308 μου
1935 1240 2007 1302 ὡς
2043 1240 2183 1307 πρὸς
2219 1239 2321 1308 τὴν
2359 1237 2687 1307 ἀκροπόλιν.
2713 1284 2722 1293 .
2748 1283 2759 1294 .
2809 1239 3001 1310 διῇξεν

527 1316 720 1382 σέλας
751 1319 811 1375 ἐκ
839 1321 1026 1385 δεξιᾶς
1062 1321 1159 1374 καὶ
1188 1317 1538 1389 κατέσκηψεν
1576 1317 1719 1373 οὕτω
1757 1319 1831 1386 δή
1857 1339 1912 1373 τι
1948 1317 2083 1387 παρ’
2118 1317 2295 1381 αὐτὰς
2331 1318 2509 1387 ἄκρας
2545 1338 2651 1388 μου
2685 1318 2787 1381 τὰς
2823 1317 3001 1388 κόμας

526 1398 661 1453 ὥστε
700 1399 1024 1469 ἐθαύμαζον
1063 1401 1112 1454 εἰ
1149 1400 1222 1470 μὴ
1259 1398 1503 1469 ἡμμέναι
1542 1395 1655 1455 εἷεν
1692 1405 1816 1466 466,
1842 1406 1922 1453 12.
1962 1399 2047 1454 De
2083 1398 2445 1469 Aesculapio:
2484 1408 2559 1453 τῶ
2603 1399 2746 1469 τύγα
2781 1396 2999 1453 ποστεί-

525 1498 679 1549 χοντι
717 1479 1068 1550 συνάντησας
1114 1482 1216 1535 σὺν
1255 1478 1506 1534 ὅπλοισιν
1542 1483 1620 1533 λα
1630 1478 1977 1548 μπόμενος
2024 1479 2291 1550 χρυσέοις,
2322 1476 2609 1532 Ἀσκλαπιέ
2642 1478 2794 1548 Isyll.
2836 1484 2902 1532 63
2917 1496 2997 1547 sq.

528 1559 596 1613 cf.
633 1559 931 1629 Hippolyti
968 1560 1155 1614 Refut.
1194 1561 1408 1614 haeres.
1464 1559 1543 1613 IV
1571 1565 1639 1613 33
1666 1577 1721 1628 p.
1752 1564 1839 1628 96,
1871 1565 1935 1613 73
1950 1577 2028 1627 sq.
2103 1558 2380 1628 Duncker,
2420 1558 2519 1612 ubi
2557 1558 2925 1627 Aesculapius
2965 1575 2999 1611 a

524 1640 706 1709 magis
746 1639 954 1694 citatus
993 1638 1258 1710 φαίνεται
1295 1639 1438 1694 κατὰ
1474 1647 1573 1693 τοῦ
1613 1637 1863 1708 ἐδάφους
1890 1641 2221 1709 πυρώδης.
2276 1639 2624 1694 Aresthanas
2650 1641 2861 1708 pastor,
2900 1638 2999 1707 qui

528 1719 927 1789 Aesculapium
954 1720 1013 1773 in
1043 1720 1260 1774 Titthio
1288 1721 1478 1773 monte
1506 1721 1703 1774 natum
1722 1719 1957 1787 invenit,
1983 1720 2338 1789 ἀστραπὴν
2368 1716 2518 1775 εἶδεν
2547 1716 2999 1789 ἐκλάμψασαν

527 1798 638 1853 ἀπὸ
685 1808 785 1854 τοῦ
832 1798 1050 1863 παιδός.
1064 1800 1101 1870 ¹)
1158 1799 1225 1855 cf.
1265 1799 1411 1854 Acta
1448 1799 1686 1869 apostol.
1742 1799 1845 1852 XII
1881 1807 1909 1854 7
1923 1822 1936 1854 z
1985 1800 2082 1853 καὶ
2128 1799 2254 1853 ἰδοῦ
2293 1798 2522 1869 ἄγγελος
2566 1796 2763 1867 κυρίου
2802 1796 2997 1867 ἐπέστη

527 1883 602 1950 τῷ
643 1878 832 1953 Πέτρῳ
870 1881 967 1935 καὶ
1005 1889 1142 1948 φῶς
1179 1877 1574 1949 ἐπέλαμψεν
1611 1884 1686 1951 τῷ
1744 1878 2019 1947 οἰκήματι.
2095 1879 2189 1933 Ev.
2228 1879 2360 1934 Luc.
2410 1878 2588 1932 XXIV
2619 1884 2676 1933 4:
2726 1879 2823 1933 καὶ
2870 1879 2999 1933 ἰδοῦ

531 1958 734 2026 ἄνδρες
770 1959 872 2013 δύο
913 1958 1218 2029 ἐπέστησαν
1257 1961 1455 2022 αὐταῖς
1482 1962 1578 2028 (sc.
1617 1956 1898 2029 γυναιξίν)
1928 1958 1989 2014 ἐν
2018 1958 2216 2029 ἐσθῆτι
2252 1959 2750 2031 ἀστραπτούσῃ.
2809 1958 2994 2012 Timo-

526 2037 772 2092 leontem
808 2038 870 2092 in
897 2039 1125 2094 Italiam
1159 2038 1604 2109 proficiscentem
1640 2038 1737 2092 lux
1773 2037 2016 2108 mystica
2052 2037 2112 2092 in
2151 2038 2296 2092 mari
2330 2037 2690 2108 prosequitur
2729 2055 2762 2091 a
2802 2037 2997 2092 Cerere

524 2120 582 2172 ct
618 2117 760 2173 Cora
796 2119 986 2188 missa,
1027 2120 1175 2175 Plut.
1214 2118 1412 2173 Timol.
1453 2125 1505 2174 8.

388 2254 488 2317 De
537 2254 653 2319 deo
711 2260 1061 2339 apparente
1117 2257 1253 2320 fere
1304 2255 1647 2320 adhibetur
1693 2278 1820 2319 vox
1882 2255 2315 2339 ἐφίστασθαι,
2377 2276 2537 2339 quae
2595 2254 2834 2339 optime
2900 2276 3000 2319 su-

390 2352 603 2416 bitum
650 2353 955 2437 exprimit
999 2354 1361 2419 adventum.

528 2472 823 2543 ἐφίσταται
868 2474 941 2529 de
984 2474 1296 2530 Protesilao
1346 2475 1607 2531 Philostr.
1646 2475 1864 2529 Heroic.
1906 2481 2008 2529 679
2045 2492 2099 2543 p.
2132 2479 2251 2544 148,
2292 2479 2358 2528 18
2394 2473 2591 2545 Kays.;
2630 2474 2701 2528 de
2737 2474 3002 2543 Apolline

528 2553 749 2624 Orpheo
790 2554 1101 2610 adsistente
1129 2555 1205 2611 id.
1265 2555 1329 2611 V.
1360 2555 1545 2626 Apoll.
1585 2556 1663 2610 IV
1693 2561 1760 2609 14
1796 2574 1850 2625 p.
1886 2560 2016 2623 134,
2058 2559 2084 2606 1
2124 2553 2190 2608 K.
2267 2552 2595 2623 ἐφίστανται
2632 2555 2702 2607 de
2739 2554 3000 2625 nymphis

525 2635 750 2706 Longus
788 2635 1041 2706 Daphnis
1080 2640 1138 2690 et
1175 2635 1345 2691 Chloe
1381 2637 1433 2690 H
1461 2644 1546 2706 23,
1579 2643 1605 2690 1
1645 2656 1698 2706 p.
1730 2642 1852 2704 274,
1874 2641 1941 2689 20
1978 2635 2253 2702 Hercher3
2290 2635 2365 2690 ib.
2395 2636 2471 2688 ΠΙ
2511 2641 2595 2703 27,
2626 2642 2657 2688 2
2686 2654 2740 2705 p.
2762 2641 2884 2704 299,
2914 2641 2999 2689 22.

529 2713 903 2784 ἐφισταμένην
941 2716 1011 2769 de
1048 2716 1197 2770 Iside
1232 2717 1460 2771 Diodor.
1496 2717 1523 2770 I
1550 2724 1644 2786 25,
1676 2721 1734 2783 5,
1782 2717 1854 2771 de
1889 2715 2189 2769 Hemithea
2226 2715 2302 2768 id.
2342 2715 2393 2769 V
2419 2721 2514 2784 63,
2544 2721 2592 2769 2.
2668 2714 2895 2785 ἐπέστης
2931 2717 3001 2770 de

528 2796 680 2850 Pane
736 2795 942 2850 Kaibel
996 2795 1097 2866 Ep.
1152 2796 1241 2851 Gr.
1307 2802 1438 2865 802,
1478 2802 1525 2850 5.
1584 2794 1780 2866 ἐπέστη
1837 2796 1906 2849 de
1959 2795 2161 2864 angelo
2217 2794 2469 2863 Domini,
2525 2794 2624 2862 qui
2677 2794 3000 2864 pastoribus

530 2875 811 2929 Christum
847 2878 1046 2929 natum
1084 2892 1204 2930 esse
1239 2876 1467 2931 nuntiat
1503 2876 1767 2947 Evangel.
1798 2877 1930 2930 Luc.
1968 2874 2020 2927 Π
2049 2880 2108 2941 9,
2146 2874 2216 2927 de
2246 2873 2471 2942 eodem,
2508 2874 2606 2941 qui
2643 2875 2809 2929 Petro
2847 2874 3001 2928 visus

533 2958 620 3009 est
655 2954 716 3009 in
752 2956 980 3010 vincula
1017 2956 1270 3012 coniecto
1307 2957 1430 3011 Act.
1470 2959 1650 3027 apost.
1688 2957 1792 3010 XII
1824 2960 1870 3010 7.
1937 2952 2244 3026 ἐπέστησαν
2282 2953 2351 3007 de
2390 2954 2608 3009 duobus
2646 2953 2779 3007 viris
2818 2957 3001 3009 vestes

530 3033 811 3105 fulgentes
857 3035 1100 3104 indutis,
1146 3036 1243 3104 qui
1289 3036 1618 3091 mulieribus
1665 3037 1726 3090 in
1773 3034 1983 3091 Christi
2021 3036 2403 3104 apparuerunt
2439 3034 2693 3103 sepulcro
2731 3035 2830 3090 Ev.
2869 3036 3001 3090 Luc.

529 3114 709 3168 XXIV
746 3121 798 3169 4.
873 3115 1099 3178 ἐπιστάς
1144 3117 1214 3170 de
1259 3117 1598 3186 Aesculapio
1646 3116 1776 3172 iam.
1825 3115 1989 3185 Epid.
2025 3133 2109 3169 nr.
2148 3121 2245 3183 61,
2278 3120 2342 3168 12
2380 3132 2433 3183 p.
2468 3119 2569 3167 118
2607 3114 2783 3170 Baun.
2821 3133 2904 3172 nr.
2933 3121 3000 3169 59

527 3194 603 3248 IV
631 3199 715 3248 37.
762 3194 840 3248 VI
866 3200 951 3251 58.
1005 3195 1123 3251 Ael.
1155 3197 1360 3266 Aposp.
1403 3202 1505 3250 100
1551 3197 1814 3251 Hercher.
1862 3195 2124 3249 Philostr.
2173 3193 2239 3248 V.
2279 3193 2462 3263 Apoll.
2501 3194 2528 3247 Ι
2556 3201 2586 3248 9
2625 3212 2678 3263 Ρ.
2711 3201 2759 3263 8,
2801 3201 2883 3251 15.
2923 3194 3000 3251 ib.

528 3274 554 3327 Ι
585 3279 650 3327 10
687 3293 738 3343 p.
771 3280 829 3343 9,
859 3281 953 3343 23,
992 3274 1062 3328 de
1098 3275 1408 3330 Protesilao
1444 3276 1520 3330 id.
1560 3276 1778 3331 Heroic.
1820 3281 1924 3331 675
1961 3293 2015 3344 Ρ.
2049 3280 2166 3342 143,
2201 3280 2294 3343 14,
2334 3273 2404 3327 de
2440 3273 2743 3328 Palamede
2780 3274 2856 3329 ib.
2898 3280 3001 3328 685

529 3372 585 3421 p.
621 3359 738 3421 154,
770 3359 825 3423 7,
887 3354 956 3408 de
993 3353 1200 3409 Aiante
1236 3355 1312 3410 ib.
1353 3361 1458 3409 684
1492 3374 1547 3425 Ρ.
1581 3362 1699 3424 153,
1730 3361 1788 3424 9,
1829 3356 1899 3409 de
1945 3354 2063 3408 Deo
2110 3355 2281 3408 noctu
2318 3353 2495 3407 Paulo
2535 3357 2840 3423 apparente
2878 3354 3001 3408 Act.

531 3434 707 3502 apost.
747 3432 927 3486 XXIII
966 3438 1048 3488 11.
1116 3434 1441 3497 ἐπιστάντος
1478 3436 1547 3489 de
1583 3434 1922 3504 Aesculapio
1959 3433 2223 3488 Philostr.
2260 3452 2308 3488 v.
2350 3433 2517 3502 Soph.
2554 3434 2580 3486 I
2608 3439 2676 3487 25
2714 3454 2766 3504 Ρ.
2797 3439 2884 3502 46,
2916 3440 2999 3489 19.

531 3511 816 3567 ἐπιστάντι
862 3513 932 3566 de
978 3513 1241 3582 Apolline
1287 3514 1558 3570 Artemid.
1607 3514 1792 3569 Oneir.
1840 3514 1892 3567 Π
1923 3520 1988 3567 70
2025 3532 2079 3583 Ρ.
2114 3518 2282 3579 168,5
2319 3513 2520 3566 Herch.
2587 3512 2890 3567 ἐπιστάντα
2929 3513 3000 3566 de

531 3591 849 3661 Trophonio
897 3591 1159 3647 Philostr.
1199 3593 1263 3647 V.
1295 3593 1478 3663 Apoll.
1518 3594 1647 3647 VIII
1685 3599 1749 3647 19
1787 3612 1841 3663 Ρ.
1874 3599 1993 3662 336,
2024 3599 2084 3658 4,
2132 3593 2202 3645 de
2240 3592 2437 3661 Mopso
2474 3591 2621 3646 Plut.
2663 3592 2732 3646 de
2770 3591 2878 3645 def.
2920 3609 2994 3647 or.

530 3676 597 3725 45
634 3689 687 3740 Ρ.
726 3676 833 3726 434
859 3671 932 3739 Ε,
971 3672 1040 3726 de
1088 3671 1359 3742 Sarapide
1405 3673 1551 3727 Plut.
1589 3673 1745 3728 Alex.
1789 3680 1882 3742 73,
1921 3673 1991 3726 de
2038 3670 2237 3726 Xerxis
2295 3671 2509 3726 somnio
2546 3671 2751 3725 Herod.
2783 3672 2885 3724 VH
2916 3678 2998 3726 12.

530 3750 799 3805 ἐπιστᾶσα
836 3751 905 3805 de
933 3752 1268 3823 Proserpina
1295 3753 1458 3809 Paus.
1486 3753 1564 3806 IX
1593 3759 1678 3823 23,
1709 3760 1757 3808 3.
1805 3752 1940 3823 ὄψις
1968 3752 2304 3820 ἰνδάλματος
2340 3751 2493 3820 ἱεροῦ
2521 3751 2641 3806 Ael.
2671 3751 3001 3820 Apospasm.

533 3836 634 3884 106
671 3831 738 3885 Η.
814 3830 1046 3887 ἐπιστάν
1084 3833 1154 3886 de
1191 3833 1406 3888 somnio
1443 3833 1703 3904 (ὄνειρον,
1742 3832 1905 3903 ὄναρ)
1940 3832 2143 3887 Herod.
2185 3832 2287 3886 VII
2319 3838 2399 3887 14.
2438 3831 2741 3886 Aristid.11
2770 3837 2894 3900 447,
2916 3839 2999 3887 34.

388 3959 511 4022 Dei
558 3963 873 4043 apparent
918 3981 1129 4025 comes
1177 3982 1251 4025 ac
1295 3959 1549 4044 placidi.

536 4081 700 4147 „deus
747 4079 1157 4151 (Aesculapius)
1212 4082 1276 4136 in
1327 4083 1532 4137 somnis
1585 4083 1764 4152 opifer
1819 4083 2103 4137 consistere
2147 4081 2327 4135 visu-3.
2361 4124 2372 4135 .
2406 4124 2416 4134 .
2456 4086 2507 4134 et
2544 4082 2736 4149 placi
2745 4082 2827 4134 do
2866 4082 3005 4136 tales

530 4161 763 4215 emittere
809 4166 1022 4228 pectore
1074 4164 1257 4217 voce8“
1306 4161 1404 4216 Ov.
1452 4163 1582 4216 met.
1631 4161 1733 4215 XV
1770 4167 1873 4215 653
1895 4178 2013 4230 sqq.
2089 4160 2155 4214 cf.
2205 4159 2347 4214 Stat.
2388 4158 2516 4215 Silv.
2555 4159 2633 4213 111
2672 4167 2721 4228 4,
2763 4167 2830 4214 23
2853 4178 2995 4229 sqq,

572 4340 623 4407 1)
660 4337 825 4391 Paus.
863 4337 916 4390 H
944 4343 1030 4406 26,
1059 4344 1108 4392 5.
1176 4337 1413 4392 Omnino
1450 4338 1605 4392 locus
1643 4337 1742 4391 ille
1786 4337 2030 4391 maxime
2075 4336 2481 4392 memorabilis:
2536 4335 2681 4392 οὕτω
2730 4338 2830 4392 τὸν
2861 4335 3003 4405 Ἀρε-

394 4414 622 4471 σθάναν
668 4415 726 4478 ἐς
769 4424 885 4471 πᾶν
922 4419 1098 4485 φασὶν
1135 4418 1507 4486 ἀφικνεῖσθαι
1551 4416 1843 4486 ζητήσεως,
1890 4414 2126 4484 εὑρόντα
2173 4416 2235 4472 δὲ
2283 4417 2628 4487 ἐπιθυμῆσαι
2677 4417 2777 4472 τὸν
2823 4419 3004 4470 παῖδα

394 4494 713 4563 ἀνελέσθαι,
759 4496 857 4550 καὶ
902 4497 976 4558 ὡς
1021 4496 1182 4567 ἐγγὺς
1229 4497 1458 4567 ἐγίνετο,
1503 4496 1795 4566 ἀστραπὴν
1843 4493 1993 4551 εἶδεν
2045 4495 2409 4567 ἐκλάμψασαν
2460 4496 2574 4551 ἀπὸ
2625 4505 2725 4551 τοῦ
2783 4493 3003 4563 παιδός,

394 4573 704 4644 νομίσαντα
749 4574 813 4630 δὲ
862 4570 1009 4630 εἶναι
1045 4576 1211 4632 θεῖόν
1245 4597 1326 4646 τι,
1373 4577 1554 4646 ὥσπερ
1590 4571 1679 4646 ἦν,
1719 4574 2165 4645 ἀποτραπέσθαι.
2224 4577 2253 4632 ὁ
2293 4576 2355 4632 δὲ
2395 4575 2596 4632 αὐτίκα
2635 4575 2726 4630 ἐπὶ
2765 4584 2868 4645 γῆν
2909 4575 3004 4628 καὶ

391 4654 689 4710 θάλασσαν
725 4663 914 4709 πᾶσαν
952 4653 1237 4726 ἠγγέλλετο
1274 4655 1345 4711 τά
1372 4676 1430 4712 τε
1468 4657 1605 4712 ἄλλα
1645 4656 1825 4712 ὁπόσα
1862 4657 2114 4727 βούλοιτο
2145 4655 2418 4725 εὑρίσκειν
2447 4656 2539 4711 ἐπὶ
2564 4664 2683 4717 τοῖς
2710 4653 3003 4724 κάμνουσι,

395 4735 491 4789 καὶ
528 4733 615 4789 ὅτι
650 4734 905 4804 ἀνίστησι
939 4736 1070 4799 τοὺς
1105 4740 1431 4800 τεθνεῶτας.
1506 4738 1634 4793 Non
1669 4739 1830 4807 potes
1867 4754 1982 4792 non
2018 4737 2088 4792 de
2126 4737 2346 4793 Christo
2384 4739 2519 4791 nato
2558 4734 2822 4805 cogitare.
