3611 5264
1370 331 1453 384 De
1489 330 1851 385 incubatione
1889 331 2211 386 christiana.
3004 337 3038 399 7
3045 336 3085 400 5

656 491 1111 572 SubsistamUS.
1206 492 1376 559 Satis
1424 493 1632 559 elucet
1677 518 1755 560 ex
1801 495 1921 579 his,
1960 517 2122 580 quae
2169 497 2573 581 protulimus,
2622 503 2862 583 quanta
2898 499 3092 564 inter-

478 592 663 657 cedat
722 592 1078 658 similitudo
1135 593 1304 658 inter
1356 593 1522 659 hanc
1576 594 2055 659 incubationem
2113 596 2528 661 christianam
2584 601 2777 681 atque
2833 598 3091 663 incuba-

475 692 719 756 tionem
779 692 849 755 in
907 689 1276 776 Aesculapii
1331 692 1591 776 templis
1648 693 1979 757 usitatam:
2043 716 2178 759 non
2231 716 2435 778 pauca
2490 698 2666 778 sunt,
2724 717 2884 779 quae
2938 695 3092 779 Epi-

475 789 698 853 dauria
743 788 981 854 iamata
1025 790 1096 855 in
1140 790 1515 855 memoriam
1569 794 1826 874 vocent,
1875 814 2037 875 quae
2090 814 2321 876 nempe
2367 790 2736 877 Aesculapii
2780 793 3092 877 θαύματα

472 888 794 953 nominari
858 892 1146 971 possunt.
1248 888 1420 965 Quin
1477 890 1618 973 ipsa
1678 887 1945 954 Cosmae
2014 893 2078 953 et
2140 889 2444 955 Damiani
2506 891 2815 956 miracula
2869 892 3091 956 eodem

476 985 746 1051 consilio
804 986 976 1050 edita
1032 1009 1169 1051 esse
1222 985 1546 1071 videntur,
1607 1010 1734 1071 quo
1791 987 1861 1052 in
1915 986 2285 1073 Aesculapii
2340 989 2535 1054 sacris
2589 987 2942 1073 Epidaurio
2989 990 3093 1054 vel

473 1083 765 1149 Romano
833 1085 1236 1149 curationum
1300 1085 1559 1148 tabulae
1626 1086 2111 1169 exponebantur
2124 1085 2205 1173 ¹):
2275 1088 2355 1150 ad
2423 1088 2786 1173 augendum
2846 1087 3091 1152 scilicet

473 1205 812 1271 numerum
860 1205 1098 1266 eorum,
1146 1183 1258 1267 qui
1303 1206 1418 1267 per
1455 1204 1751 1247 somnum
1789 1185 2185 1250 curationem
2222 1189 2529 1268 peterent.
2613 1185 2788 1262 Quae
2822 1207 2924 1249 res
2962 1186 3090 1249 iam

477 1302 615 1343 eam
662 1280 742 1343 ab
791 1302 1046 1345 causam
1084 1280 1456 1365 probabilis,
1504 1281 1654 1365 quia
1692 1280 1977 1346 diversae
2014 1283 2471 1348 miraculorum
2511 1283 2704 1348 series
2740 1283 2929 1349 nobis
2966 1287 3092 1347 tra-

477 1378 743 1464 duntur3
772 1382 901 1443 tres
933 1379 1195 1444 exhibet
1223 1379 1775 1465 Wangnereckius
1815 1403 1848 1444 e
1887 1380 2103 1445 codice
2132 1381 2448 1446 Vaticano
2479 1382 2683 1446 editas
2711 1405 2772 1465 p.
2803 1382 2932 1445 302
2954 1404 3089 1465 sqq.

474 1476 605 1541 452
622 1499 758 1560 sqq.
805 1476 935 1541 518
958 1500 1113 1562 sqq„
1162 1500 1432 1561 quarum
1489 1478 1719 1562 cuique
1767 1478 1986 1543 brevia
2041 1480 2118 1544 de
2167 1483 2533 1544 sanctorum
2579 1480 2872 1564 potentia
2916 1502 3092 1563 prae-

478 1574 712 1639 cedunt
758 1576 1102 1659 prooemia.
1177 1576 1373 1641 Plura
1419 1580 1667 1642 exstare
1713 1581 1967 1660 praeter
2012 1601 2101 1661 ea,
2150 1600 2311 1662 quae
2358 1576 2540 1643 Actis
2588 1582 2955 1643 sanctorum
3001 1580 3093 1642 in-

477 1676 660 1757 sunt,
721 1673 922 1737 codex
967 1674 1487 1739 Vindobonensis
1543 1676 1965 1758 demonstrat,
2021 1676 2099 1740 cf.
2145 1700 2206 1760 p.
2246 1678 2349 1759 69,
2379 1678 2437 1741 2.
2527 1675 2660 1740 Ubi
2715 1677 2782 1740 id
2838 1699 3092 1760 quoque

476 1771 951 1854 attendendum,
998 1773 1170 1856 quod
1216 1772 1526 1837 miracula
1571 1773 1641 1838 in
1684 1774 1810 1838 hoc
1857 1773 2073 1839 codice
2121 1778 2371 1838 servata
2407 1775 2644 1858 partim
2691 1775 2771 1838 ad
2817 1774 3089 1858 primam

474 1868 711 1951 partim
758 1869 838 1943 ad
884 1869 1150 1934 alteram
1195 1870 1497 1935 Vaticani
1544 1870 1781 1936 codicis
1829 1872 2056 1936 seriem
2102 1872 2454 1955 pertinent:
2502 1895 2628 1957 qua
2674 1894 2752 1937 ex
2797 1895 2864 1937 re
2903 1895 3093 1956 appa-

474 1970 589 2049 ret,
636 1969 959 2050 quomodo
1005 1968 1163 2033 haec
1209 1969 1591 2035 documenta
1637 1971 1805 2034 inter
1851 1993 1917 2035 se
1965 1970 2455 2036 confundantur.
2529 1969 2678 2054 Ipsa
2723 1993 2874 2036 vero
2921 1971 3093 2035 litte-

475 2087 689 2128 rarum
737 2064 993 2129 illarum
1046 2069 1276 2130 natura
1322 2071 1514 2152 atque
1560 2068 1809 2133 indoles
1857 2069 2050 2132 etiam
2096 2069 2303 2155 magis
2350 2069 2667 2152 clarescit,
2723 2091 2869 2134 cum
2928 2069 3091 2155 legis

478 2185 639 2246 quae
694 2163 763 2227 in
822 2164 951 2228 fine
997 2164 1290 2229 miraculi
1338 2167 1549 2250 quinti
1604 2191 1665 2251 p.
1704 2167 1836 2231 334
1892 2170 2171 2232 exstant:
2218 2169 2674 2252 μανθάνοντες
2728 2170 2984 2250 τοίνυν,
3038 2164 3090 2231 ὦ

478 2264 919 2347 φιλόχριστοι,
966 2264 1132 2348 ἅπερ
1178 2264 1569 2348 ἠπίστασθε,
1614 2263 1785 2329 τοῦτ’
1847 2268 2028 2330 ἔστιν
2073 2267 2189 2342 τὰς
2243 2277 2375 2331 τῶν
2430 2265 2637 2347 ἁγίων
2695 2268 2928 2349 Κοσμᾶ
2982 2263 3092 2329 καὶ

476 2365 831 2443 Δαμιανοῦ
889 2359 1292 2446 εὐεργεσίας,
1350 2354 1448 2427 ὧν
1504 2363 1575 2427 οἱ
1631 2365 1931 2440 πλείονες
1994 2363 2068 2428 ἐν
2123 2363 2484 2429 ἀπολαύσει
2544 2365 2941 2447 γεγόναμεν,
2994 2363 3089 2447 μὴ

659 2628 710 2695 1)
751 2625 911 2690 Quod
948 2625 1008 2679 in
1043 2626 1353 2697 Asclepieis
1392 2627 1506 2682 fere
1543 2627 1756 2682 factum
1794 2646 1915 2683 esse
1952 2627 2144 2682 videas
2183 2646 2213 2683 e
2250 2628 2519 2683 Passione
2558 2647 2629 2684 ss.
2672 2629 2950 2694 Quattuor
2989 2628 3090 2684 Co—

476 2708 818 2774 ronatorum,
859 2706 957 2759 ubi
996 2707 1065 2760 de
1103 2706 1455 2761 Diocletiano
1492 2708 1831 2777 imperatore
1869 2708 2131 2762 dicuntur
2159 2710 2325 2770 haec:
2362 2716 2450 2775 „et
2475 2711 2663 2764 statim
2691 2711 2854 2764 iussit
2889 2710 2952 2763 in
2988 2715 3089 2764 ter-

473 2804 593 2841 mas
635 2787 914 2841 Traianas
951 2788 1207 2855 templum
1242 2787 1489 2856 Asclepii
1524 2787 1810 2855 aedificari
1845 2795 1894 2842 et
1924 2790 2280 2843 simulacrum
2306 2790 2429 2856 fieri
2456 2806 2522 2843 ea:
2551 2789 2735 2858 lapide
2757 2790 3088 2857 proconisso,

475 2867 621 2936 quod
656 2884 780 2921 cum
815 2868 1026 2933 factum
1059 2869 1274 2934 fuisset,
1309 2870 1588 2936 praecepit
1622 2884 1838 2922 omnes
1874 2886 2072 2923 curas
2118 2870 2190 2923 in
2235 2871 2450 2924 eodem
2498 2872 2737 2939 templo
2783 2871 2854 2924 in
2892 2887 3089 2939 prae-

476 2948 716 3002 conias
751 2947 808 3016 (i.
840 2964 886 3000 e.
921 2946 1169 3001 ‘tabulas
1197 2946 1425 3017 publice
1462 2964 1497 3001 a
1532 2963 1808 3017 praecone
1844 2948 2239 3018 praepositas’,
2279 2950 2348 3003 de
2376 2949 2562 3019 Rossi)
2600 2967 2798 3005 aeneas
2843 2968 2965 3006 cum
3001 2968 3090 3005 ca-

479 3028 781 3082 racteribus
817 3028 1033 3098 infigffl,
1072 3027 1589 3097 Sitzungsberichte
1628 3027 1726 3081 der
1761 3028 1908 3083 Berl.
1947 3028 2128 3082 Akad.
2169 3029 2269 3083 der
2304 3029 2474 3084 Wiss,
2508 3035 2646 3084 1896
2675 3030 2971 3101 phil-hist.
3001 3031 3088 3083 m.

479 3126 534 3177 p.
569 3114 721 3163 1302.
762 3139 831 3148 ——
868 3108 953 3162 De
990 3106 1217 3162 iamatis
1255 3107 1579 3177 Epidauriis
1616 3107 1799 3162 habeo
1841 3109 1993 3176 quod
2022 3110 2253 3165 addam:
2295 3112 2447 3181 apud
2475 3110 2817 3165 Cavvadiam
2844 3109 3090 3165 Fouilles

480 3175 822 3258 d'Epidaure
857 3206 911 3257 p.
942 3194 1009 3241 32
1050 3188 1152 3242 sub
1192 3206 1344 3241 num.
1377 3195 1459 3242 3α
1496 3187 1878 3257 inscriptionis
1908 3189 2191 3243 invenitur
2219 3190 2615 3261 fragmentum,
2655 3191 2812 3245 cuius
2840 3209 2953 3244 non
2980 3190 3091 3243 nisi

476 3285 737 3321 versuum
772 3267 941 3320 initia
979 3270 1109 3322 sunt
1146 3269 1381 3323 servata.
1457 3268 1711 3322 Adnotat
1748 3267 2056 3322 Cavvadias
2095 3272 2226 3324 hoc:
2265 3273 2454 3338 „Petit
2486 3273 2765 3343 frayment
2800 3271 2865 3326 de
2886 3273 3090 3341 plaque

476 3365 545 3401 cm
573 3349 757 3416 pierre
792 3347 1025 3402 calcaire
1072 3350 1259 3403 brouve'
1304 3366 1380 3402 au
1416 3347 1579 3402 meme
1615 3348 1832 3403 endroit
1876 3367 1977 3418 que
2013 3352 2086 3404 les
2130 3352 2488 3419 inscriptions
2533 3353 2620 3406 No
2657 3358 2709 3419 1,
2744 3355 2784 3406 2
2820 3358 2871 3406 et
2907 3356 2956 3406 3.
3030 3353 3093 3404 R

476 3428 732 3495 proviciat
767 3425 930 3480 d’ime
967 3426 1059 3481 des
1094 3428 1247 3482 stiles
1283 3428 1376 3482 des
1409 3428 1723 3497 yue'risons;
1758 3430 1902 3483 mais
1937 3431 1981 3483 il
2025 3432 2403 3499 ‘n’appartient
2431 3448 2540 3499 pas
2586 3434 2622 3485 ἀ
2658 3433 2811 3487 celles
2855 3432 2948 3485 des
2984 3431 3053 3485 N
3047 3445 3091 3472 0³

399 3534 406 3537 *
477 3513 508 3560 1
548 3512 600 3561 et
631 3510 671 3561 2
714 3507 780 3560 ‘ni
823 3505 987 3562 mime
1032 3525 1109 3562 au
1152 3509 1427 3577 fragment
1461 3507 1545 3561 No
1591 3511 1653 3574 3,
1697 3525 1896 3563 comme
1933 3527 2142 3578 protove
2188 3511 2505 3579 Z’cfpaisseur
2549 3510 2615 3565 de
2663 3512 2720 3565 la
2759 3512 2954 3578 pierre.
3030 3511 3092 3564 Il

477 3588 795 3656 appartient
830 3587 868 3639 ἀ
902 3604 1011 3641 une
1049 3588 1344 3657 quatricme
1381 3588 1448 3641 de
1481 3604 1564 3642 ces
1598 3588 1805 3643 stelesf‘
1876 3589 2063 3644 Primo
2102 3590 2305 3644 obtutu
2353 3589 2733 3660 desperaveris
2780 3589 3091 3657 quidquam

476 3684 544 3720 ex
580 3664 669 3719 his
698 3665 881 3719 ruinis
912 3666 1032 3720 erui
1060 3683 1251 3736 posse3
1288 3666 1498 3720 nullius
1528 3667 1677 3721 enim
1704 3685 1892 3722 versus
1920 3669 2048 3738 plus
2078 3687 2248 3738 quam
2268 3686 2365 3723 sex
2394 3672 2652 3724 servatae
2683 3672 2814 3723 sunt
2841 3669 3084 3724 litterae.

477 3747 688 3801 Tamen
728 3762 871 3815 quae
910 3765 958 3800 v.
988 3751 1022 3799 4
1061 3749 1286 3800 exstant
1322 3748 1494 3801 verba
1524 3749 1684 3820 [τ]ῶν
1721 3750 2059 3822 δακτ[ύλων]
2098 3750 2239 3803 mihi
2277 3750 2611 3804 miraculum
2649 3750 2950 3819 quoddam,
2988 3750 3088 3804 ubi

477 3828 545 3881 de
594 3827 789 3896 digitis
842 3826 1046 3897 agitur,
1094 3828 1155 3880 in
1200 3830 1445 3882 mentem
1481 3831 1887 3882 revocaverunt
1922 3832 2011 3899 (59
2039 3830 2195 3884 IIIB.
2228 3858 2296 3877 =
2333 3838 2381 3898 1,
2411 3837 2477 3884 22
2500 3848 2580 3898 sq.
2611 3829 2706 3899 0.).
2784 3828 2951 3894 Quod
2988 3830 3088 3883 ubi
3200 3868 3217 3874 -

477 3908 794 3962 accuratius
833 3924 958 3961 cum
995 3908 1311 3978 fragmento
1351 3914 1432 3963 3α
1470 3910 1815 3978 comparavi,
1853 3913 2075 3979 praeter
2114 3910 2441 3979 opinionem
2485 3911 2706 3964 litteras
2753 3909 2873 3963 eius
2919 3909 3089 3979 plane

478 4005 605 4042 cum
641 3986 712 4041 iis
752 3987 1065 4041 consentire
1105 3987 1354 4057 cognovi,
1397 4005 1431 4041 a
1467 3988 1671 4056 quibus
1710 3988 1770 4043 in
1807 3989 1993 4059 priore
2030 3989 2229 4044 tabula
2274 4008 2482 4060 magna
2527 4006 2716 4044 versus
2757 3996 2965 4044 13—32
3003 3990 3087 4043 in-

477 4066 696 4135 cipiunt
740 4067 927 4136 (modo
972 4086 1021 4122 v,
1064 4074 1130 4121 10
1171 4071 1208 4123 Κ
1254 4086 1355 4139 pro
1407 4072 1443 4123 Ρ
1493 4069 1635 4123 false
1681 4069 1916 4140 legitur,
1954 4089 2001 4125 v,
2046 4077 2108 4123 11
2157 4073 2201 4124 Λ
2246 4087 2346 4140 pro
2385 4073 2453 4138 Α,
2501 4089 2546 4125 ν.
2590 4076 2654 4124 18
2703 4070 2730 4123 Ι
2777 4088 2878 4140 pro
2915 4072 3084 4142 Τ[“Ῑ]).

478 4145 881 4200 Adnotandum
917 4149 1211 4217 praeterea
1246 4148 1306 4202 in
1351 4149 1668 4219 fragmento
1718 4152 1775 4204 et
1820 4149 1879 4203 in
1925 4149 2291 4219 inscriptione
2337 4167 2545 4220 magna
2588 4167 2814 4220 prorsus
2861 4151 3088 4205 easdem

479 4227 673 4281 deesse
708 4225 946 4282 litteras.
1010 4228 1376 4283 Fraenkelius
1415 4229 1846 4299 inscriptionum
1873 4230 2470 4299 Peloponnesiacarum
2498 4231 2683 4286 editor
2708 4230 3087 4301 fragmentum

478 4312 558 4361 3oe
595 4306 868 4376 Epidauri
904 4306 1152 4362 invenire
1187 4326 1301 4363 non
1335 4309 1537 4379 potuit.
1603 4310 1714 4364 Res
1752 4326 1898 4379 quae
1932 4310 2231 4364 videbatur
2269 4310 2517 4364 difficilis
2545 4311 2712 4366 facile
2742 4310 3082 4380 explicatur:

475 4385 770 4456 inscriptio
812 4393 839 4440 1
881 4402 911 4440 e
946 4404 1143 4443 novem
1182 4389 1492 4459 composita
1528 4392 1616 4444 est
1648 4389 1925 4460 partibus,
1965 4405 1995 4444 6
2033 4389 2238 4456 quibus
2283 4407 2397 4443 una
2425 4409 2551 4445 cum
2577 4391 2895 4461 fragmento
2926 4406 3086 4443 accu-

476 4467 757 4522 ratissime
795 4467 1072 4538 congruit,
1110 4486 1253 4536 quae
1291 4486 1379 4524 res
1416 4487 1447 4524 e
1475 4470 1797 4525 Fraenkelii
1827 4473 2027 4539 ectypo
2067 4470 2263 4524 statim
2301 4471 2493 4525 eluxit.
2550 4471 2706 4525 Haec
2743 4470 2919 4539 igitur
2952 4487 3083 4539 pars

476 4563 723 4603 seorsum
761 4548 1046 4615 quondam
1083 4549 1381 4620 descripta,
1419 4550 1480 4604 id
1517 4551 1668 4618 quod
1703 4548 2070 4607 Fraenkelius
2118 4552 2321 4620 ectypo
2375 4551 2622 4605 nondum
2668 4551 2921 4619 inspecto
2957 4567 3085 4619 pro-

475 4626 627 4682 tinus
666 4627 934 4696 coniecit,
983 4644 1018 4681 a
1063 4628 1345 4684 Cavvadia
1387 4628 1777 4685 Baunackium
1825 4630 2017 4684 secuto
2062 4628 2267 4685 iterum
2313 4626 2468 4686 edi’ta
2515 4633 2614 4687 est.
2693 4631 2893 4699 Itaque
2930 4628 3083 4700 frag-

476 4710 728 4763 mentum
764 4714 845 4764 3oe
884 4712 972 4764 est
1007 4708 1337 4765 eiciendum.
