3611 5264
1314 341 1398 393 De
1435 339 1797 396 incubatione
1836 341 2160 396 christiana.
2961 348 3039 411 71

438 502 512 567 ἐν
557 502 749 568 νυκτὶ
795 502 1110 587 λέγουσιν
1147 505 1207 589 3,
1246 506 1393 570 322.
1468 507 1824 589 φαίνονται
1863 504 1937 570 ἐν
1972 508 2172 570 νυκτί
2204 507 2263 591 6,
2301 506 2449 572 336.
2523 506 2843 592 φανέντες
2879 509 3047 595 αὐτῇ

434 600 506 666 ἐν
552 599 833 689 ὀπτασίᾳ
880 603 1045 667 κατὰ
1091 604 1164 668 τὸ
1213 604 1506 686 σύνηθες
1551 602 1778 679 αὐτοῖς
1825 603 2353 690 προστάττουσιν
2398 604 2566 691 αὐτῇ
2612 612 2747 672 κτλ.
2797 610 2856 691 8,
2886 607 3036 684 344.

429 698 726 784 Paganus
792 700 1054 783 quidam
1115 701 1406 766 obsecrat
1463 700 1676 766 Iesum
1733 701 2062 766 Christum
2127 699 2401 779 ἀξιῶσαι
2460 703 2665 769 αὐτὸν
2728 703 3045 783 ὀπτασίας

429 797 611 872 τινὸς
656 846 671 861 .
718 847 733 862 .
781 847 796 861 .
843 799 1154 882 εἰσῆλθεν
1200 801 1294 876 εἰς
1340 800 1458 864 τὸν
1504 801 1793 865 εἰωθότα
1839 802 2046 864 τόπον
2090 808 2210 864 τοῦ
2266 798 2631 883 ἀγαγόντος
2686 802 2893 867 αὐτὸν
2940 802 3043 867 ἐν·

430 903 650 960 ταῦθα
697 898 902 979 φίλου
949 896 1177 980 αὐτοῦ,
1225 896 1297 961 ἐν
1344 889 1398 985 ᾧ
1442 898 1607 962 κατὰ
1649 897 2074 983 παρασκευὴν
2119 895 2227 961 καὶ
2242 895 2292 982 1)
2341 895 2704 964 ἐκάθευδεν
2754 899 2855 984 10,
2892 900 3040 965 358.

428 993 782 1058 καθεύδων
828 992 902 1059 ἐν
947 1003 1039 1081 τῷ
1087 997 1368 1079 συνήθει
1427 998 1606 1082 τόπῳ
1660 1003 1781 1060 τοῦ
1837 998 2315 1078 βαπτιστηρίου
2364 1045 2379 1059 .
2424 1045 2439 1060 .
2488 1047 2500 1060 .
2547 995 2854 1063 τεθέαται
2867 995 2919 1083 ²)
2968 996 3040 1063 ἐν

428 1088 709 1177 ὀπτασίᾳ
755 1091 838 1155 ib.
880 1091 1027 1156 360.
1075 1091 1149 1157 ἐν
1193 1092 1399 1179 ταύτῃ
1412 1090 1465 1178 3)
1511 1101 1590 1178 τῇ
1637 1092 1918 1179 ὀπτασίᾳ
1972 1090 2291 1176 φανέντες
2337 1091 2514 1181 αὐτῷ
2563 1143 2579 1158 .
2626 1145 2640 1157 .
2687 1144 2702 1159 .
2749 1096 2820 1159 οί
2860 1096 3041 1178 ἅγιοι

430 1187 514 1251 ib.
554 1188 703 1253 362.
760 1189 834 1254 ἐν
890 1187 1100 1276 ἐαυτῷ
1157 1186 1231 1254 δὲ
1294 1190 1468 1274 μετὰ4
1509 1192 1630 1255 τὸν
1692 1190 1912 1255 ὕπνον
1979 1192 2338 1274 γενόμενος
2393 1190 2429 1255 ὁ
2489 1192 2612 1275 τὴν
2676 1191 3038 1280 φοβερὰν4)

427 1285 749 1352 ὀπτασίαν
779 1286 1027 1371 ’Ἕλλην
1071 1285 1548 1373 θεασάμενος5)
1594 1285 1705 1351 καὶ
1742 1289 2011 1352 πάντων
2059 1280 2155 1352 ὧν
2193 1289 2337 1353 ἴδεν
2373 1287 2482 1353 καὶ
2519 1288 2869 1376 ἤκουσενὸ)
2907 1290 3039 1355 ὑπὸ

425 1395 557 1448 τῶν
604 1384 817 1468 ἁγίων
861 1390 1186 1470 μνησθείς
1230 1390 1367 1450 κτλ.
1414 1386 1498 1449 ib.
1537 1385 1685 1449 364.
1732 1382 2113 1461 ἐπιστάντες
2159 1385 2337 1473 αὐτῷ
2383 1396 2460 1471 τῇ
2514 1386 2789 1472 ἐπιούσῃ
2846 1391 3043 1452 νυκτί

429 1481 528 1565 11,
566 1482 715 1546 370.
776 1482 1252 1567 ἐπιλαβομένης
1297 1484 1424 1569 γὰρ
1472 1484 1712 1559 νυκτὸς
1759 1482 2140 1559 ἐπιστάντες
2184 1493 2263 1568 τῇ
2309 1486 2501 1569 κλίνῃ
2559 1484 2761 1567 αὐτῆς
2806 1483 3037 1567 λέγου-

424 1596 536 1643 σιν
584 1630 597 1643 .
646 1630 659 1643 .
709 1629 724 1644 .
770 1581 939 1664 γυνὴ
985 1581 1147 1665 μετὰ
1192 1582 1313 1646 τὸν
1366 1581 1582 1646 ὕπνον
1641 1579 1978 1646 ἀναστᾶσα
2024 1630 2038 1643 .
2088 1630 2102 1644 .
2149 1630 2163 1644 .
2210 1581 2568 1664 φθασάσης
2626 1582 2753 1667 γὰρ
2814 1580 3035 1668 ἑτέρας

422 1677 661 1753 νυκτὸς
708 1677 1088 1755 ἐπιστάντες
1134 1680 1205 1744 οἰ
1243 1687 1364 1743 τοῦ
1412 1684 1706 1765 Χριστοῦ
1751 1678 2160 1763 θεράποντες
2197 1728 2211 1741 .
2249 1726 2265 1743 .
2305 1729 2318 1742 .
2355 1686 2470 1761 τῆς
2516 1674 2590 1760 δὲ
2636 1679 2709 1744 ἐν
2755 1678 3037 1767 ὀπτασίᾳ

423 1774 925 1860 ὀσφρανθείσης
979 1781 1114 1840 κτλ.
1167 1776 1266 1860 16,
1304 1776 1436 1840 404
1457 1798 1593 1860 sqq.
1687 1778 2044 1859 φαίνονται
2100 1776 2278 1863 αὐτῷ
2335 1774 2407 1841 ἐν
2460 1775 2653 1841 νυκτὶ
2708 1779 2900 1842 κατὰ
2953 1780 3036 1844 τὸ

421 1874 716 1950 εἰωθὸς
761 1873 989 1951 αὐτοῖς
1040 1875 1140 1958 18,
1177 1874 1327 1938 440.
1377 1873 1756 1950 ἐπιστάντες
1794 1925 1807 1936 .
1850 1926 1861 1937 .
1901 1923 1915 1937 .
1953 1875 2024 1938 οἰ
2064 1874 2242 1955 ἅγιοι
2288 1871 2442 1938 καθ’
2498 1874 2715 1939 ὕπνον
2751 1875 2856 1959 23,
2884 1876 3032 1941 474.

423 1970 805 2048 ἐπιστάντες
851 1971 1016 2058 αὐτῇ
1064 1971 1136 2038 ἐκ
1183 1970 1501 2058 δευτέρου
1546 1981 1625 2057 τῇ
1681 1971 1960 2057 ἐπιούσῃ
2007 1974 2205 2036 νυκτί
2247 1970 2352 2056 27,
2389 1969 2538 2036 504.
2604 1972 2793 2060 ὕπνῳ
2849 1997 3034 2038 κατε-

418 2067 683 2153 νεχθεὶς
728 2078 980 2156 θεωρεῖ
1019 2071 1176 2146 τοὺς
1222 2070 1455 2152 ἁγίους
1501 2068 1563 2157 (e
1611 2070 1746 2134 cod.
1785 2065 2112 2154 vindob).

593 2176 992 2262 ἐφίστασθαι
1039 2182 1351 2262 martyres
1400 2176 1651 2261 saepius
1691 2176 1993 2240 djcuntur
2039 2174 2144 2263 (cf.
2184 2199 2377 2260 supra
2412 2200 2473 2260 p.
2517 2175 2658 2263 11):
2706 2179 3030 2262 μηδεμιᾶς

417 2273 873 2352 ἐπιστασίας
927 2275 1107 2363 αὐτῷ
1154 2325 1169 2340 .
1215 2326 1229 2339 .
1277 2325 1292 2340 .
1348 2272 1708 2359 γενομένης
1757 2274 1814 2357 1,
1853 2273 2001 2337 306.
2079 2285 2214 2338 τῶν
2270 2271 2345 2338 δὲ
2409 2274 2621 2357 ἁγίων
2667 2325 2681 2338 .
2729 2324 2744 2339 .
2791 2325 2806 2339 .
2852 2276 3032 2363 αὐτῷ

416 2370 900 2437 ἐπιστάντων
947 2373 1031 2437 ib.
1070 2373 1219 2438 312.
1294 2372 1752 2447 ἐπιστάντες
1798 2370 1964 2456 αὐτῇ
2021 2372 2081 2454 2,
2121 2371 2269 2437 316.
2361 2373 2602 2449 οἵτινες
2657 2376 3030 2456 φαντασίαν

415 2467 624 2553 φασὶν
668 2468 778 2534 καὶ
826 2470 948 2535 οὐκ
997 2470 1461 2535 ἐπιστασίαν
1505 2480 1639 2534 τῶν
1686 2468 1899 2551 ἁγίων
1946 2467 2250 2550 λέγοντες
2296 2464 2468 2534 εἶναι
2515 2470 2599 2533 ib.
2641 2470 2790 2535 318.
2865 2469 3029 2535 ἐπι-

415 2569 738 2647 στάντες
813 2568 990 2658 αὐτῷ
1065 2569 1167 2654 11,
1203 2567 1350 2631 370.
1422 2565 1494 2632 ἐκ
1557 2564 1854 2653 τρίτουἾ)
1932 2565 2391 2644 ἐπιστάντες
2468 2567 2646 2656 αὐτῷ
2717 2568 2799 2631 ib.
2866 2567 3028 2635 ἐπι-

416 2666 739 2742 στάντες
766 2676 844 2752 τῇ
873 2669 1067 2752 κλίνῃ
1101 2667 1202 2750 16,
1229 2666 1379 2729 404.
1419 2664 1877 2739 ἐπιστάντες
1914 2664 1998 2727 ib.
2019 2664 2168 2728 406.
2201 2665 2443 2749 ἀηδίαν
2487 2675 2566 2750 τῇ
2615 2666 3027 2753 ἐπιστασίᾳ

411 2765 634 2829 αὐτῶν
709 2763 1075 2848 ἐκούφισαν
1152 2765 1260 2848 18,
1297 2762 1446 2827 440.
1521 2761 1981 2838 ἐπιστάντες
2052 2771 2145 2849 τῷ
2223 2762 2428 2848 ἀνδρί
2495 2763 2600 2848 23,
2638 2764 2787 2828 474.
2863 2764 3026 2829 ἐπι-

417 2863 739 2938 στάντες
785 2861 951 2948 αὐτῇ
998 2862 1102 2945 27,
1141 2860 1290 2925 504.
2213 2944 2218 2949 ⁴

586 2967 917 3034 Interdum
964 2969 1170 3034 sancti
1215 2992 1348 3033 non
1394 2967 1520 3051 ipsi
1576 2970 1840 3053 aegroto
1895 2966 2249 3031 remedium
2305 2967 2617 3050 indicant,
2673 2969 2782 3032 sed
2837 2968 3045 3046 alteri,

409 3089 734 3152 personae,
782 3090 944 3151 quae
990 3068 1060 3132 in
1106 3068 1329 3132 eodem
1390 3065 1634 3150 templo
1691 3062 2059 3152 dormiat⁸):
2117 3068 2471 3149 φαίνονται
2529 3063 2603 3131 ἐν
2655 3070 2877 3151 νυκτί,
2932 3066 3022 3133 οὐ

590 3324 639 3391 1)
678 3323 774 3375 καὶ
812 3339 917 3377 om.
956 3321 1123 3376 Vind.
1430 3324 1484 3392 2)
1522 3322 1596 3383 ὡς
1632 3320 1848 3390 εἴρηται
1886 3320 2013 3374 add.
2053 3320 2219 3376 Vind.
2581 3325 2635 3392 3)
2674 3323 2813 3392 αὐτῇ
2852 3321 3018 3376 Vind.

583 3414 640 3480 4)
675 3411 884 3480 ταύτην
921 3411 1047 3465 add.
1088 3410 1253 3466 Vind.
1721 3414 1774 3478 5)
1811 3409 2169 3478 θεασάμενος
2187 3407 2392 3479 ’Ἕλλην
2429 3410 2595 3465 Vind.

587 3502 640 3568 6)
680 3499 746 3554 cf.
796 3500 960 3559 Paus.
1009 3499 1087 3552 IX
1125 3506 1210 3567 39,
1251 3506 1333 3553 11.
1407 3499 1554 3553 Plut.
1604 3499 1674 3552 de
1721 3515 1846 3569 gen.
1898 3498 2044 3552 Socr.
2078 3505 2147 3550 21·
2190 3518 2243 3568 p.
2276 3503 2380 3552 590
2399 3498 2461 3552 B.
2510 3500 2657 3553 Max,
2705 3498 2833 3567 Tyr.
2883 3498 3015 3553 diss,

413 3586 496 3648 14,
526 3586 573 3634 2.
613 3582 685 3649 (V.
714 3599 767 3649 p.
802 3581 908 3650 10.)

587 3673 639 3739 7)
675 3667 847 3724 πάλιν
884 3668 1011 3723 add.
1052 3667 1217 3722 Vind.

589 3762 642 3829 8)
680 3758 764 3811 Ex
809 3757 1037 3812 iamatis
1074 3755 1396 3826 Epidauriis
1446 3757 1556 3810 huc
1601 3755 1850 3826 pertinet
1902 3774 1983 3810 nr.
2024 3761 2093 3809 80
2138 3757 2165 3809 Ι
2210 3757 2384 3810 Baun.
2434 3783 2500 3802 =
2550 3763 2598 3824 2,
2634 3762 2659 3808 1
2684 3774 2802 3825 sqq.
2853 3757 3011 3811 Cavv.

408 3839 682 3908 Exempla
710 3856 778 3892 ex
804 3838 1071 3892 Aristidis
1100 3836 1452 3892 orationibus
1482 3836 1655 3891 sacris
1685 3835 1917 3906 collegit
1942 3836 2252 3906 Baumgart
2278 3835 2473 3889 Aelius
2501 3836 2779 3890 Aristides
2808 3856 2861 3906 p.
2894 3843 3012 3892 100.

404 3918 835 3974 Commemorari
872 3919 981 3973 hoc
1018 3920 1141 3972 loco
1178 3919 1372 3988 potest
1406 3916 1645 3971 historia
1681 3916 2020 3970 miraculosa
2058 3917 2127 3970 de
2163 3915 2429 3984 Phalysio
2477 3919 2536 3970 et
2571 3916 2763 3985 Anyta
2799 3933 2834 3969 a
2869 3917 3013 3971 Pau-

404 3999 565 4052 sania
602 4014 768 4068 opere
816 4002 1063 4054 extremo
1103 3999 1175 4069 (X
1204 4004 1291 4065 38,
1323 4000 1410 4066 13)
1457 3999 1732 4051 enarrata.
1808 3995 2107 4065 Phalysius
2153 3994 2502 4064 Naupactius
2550 3995 2726 4048 oculis
2772 3995 3009 4052 laborat.

404 4080 597 4148 Anyta
625 4077 897 4147 Epidauri
929 4077 1174 4133 somniat
1202 4095 1261 4133 se
1300 4095 1334 4132 a
1363 4076 1468 4131 deo
1507 4094 1634 4129 cum
1669 4076 1913 4147 epistola
1941 4075 2167 4146 signata
2194 4074 2551 4144 Naupactum
2579 4075 2746 4130 mitti.
2806 4076 3011 4131 Statim

402 4157 808 4228 expergiscitur
836 4157 1030 4229 (ὕπαρ
1061 4156 1250 4227 μέντοι
1278 4151 1359 4226 ἦν
1397 4154 1669 4226 αὐτίκα,
1698 4156 1767 4212 cf.
1797 4156 1958 4210 Pind.
1991 4155 2075 4210 Ol.
2107 4154 2236 4207 XIII
2265 4160 2331 4207 66
2353 4172 2433 4222 sq.
2465 4154 2536 4209 de
2562 4155 3011 4226 Bellerophonte,

401 4239 499 4308 qui
538 4255 573 4292 a
609 4236 845 4307 Polyide
881 4238 1126 4292 monitus
1165 4240 1236 4309 [v.
1271 4239 1361 4309 76]
1407 4236 1469 4289 in
1514 4236 1768 4291 Athenae
1814 4235 2057 4305 Hippiae
2105 4252 2205 4288 ara
2251 4233 2589 4289 dormiverat
2635 4235 2912 4291 Corinthi:
2952 4237 3009 4301 ἐξ

410 4316 633 4388 ὀνείρου
672 4314 728 4372 δ’
780 4315 1023 4372 αὐτίκα
1068 4311 1149 4386 ἦν
1193 4316 1420 4386 ὕπαρ),
1456 4314 1515 4369 in
1561 4315 1822 4369 manibus
1869 4316 2044 4369 habet
2091 4314 2403 4383 epistolam.
2479 4315 2838 4385 Naupactum
2883 4333 3008 4385 pro—

399 4399 552 4454 fecta
589 4415 714 4452 eam
749 4396 1017 4466 Phalysio
1055 4397 1260 4466 tradit,
1308 4396 1406 4465 qui
1444 4396 1604 4466 signo
1650 4397 1865 4450 remoto
1914 4397 2144 4449 sanatus
2189 4393 2332 4465 legit
2378 4395 2488 4449 duo
2534 4394 2695 4449 milia
2740 4395 2850 4448 sibi
2896 4397 3007 4449 sta—

402 4481 586 4533 terum
626 4494 920 4533 aureorum
967 4494 1089 4532 esse
1141 4476 1422 4532 solvenda.
1496 4476 1677 4530 Aliter
1720 4474 2086 4529 iudicandum
2131 4477 2219 4530 est
2262 4474 2332 4529 de
2384 4474 2654 4545 exemplis
2701 4474 3006 4528 Athenien—

400 4557 555 4612 sibus
594 4562 683 4630 (ex
712 4555 1017 4628 Ἀθηναίου
1055 4561 1094 4613 t.
1123 4558 1213 4627 V),
1252 4572 1396 4627 quae
1432 4558 1597 4611 notat
1634 4554 1837 4609 Girard
1863 4552 2279 4623 L'Asclepieion
2317 4554 2621 4609 d'Athenes
2658 4572 2710 4623 p.
2745 4558 2835 4621 79;
2875 4555 3007 4607 sunt

399 4638 549 4693 enim
598 4637 991 4707 inscriptiones
1038 4637 1259 4691 votivae
1305 4652 1448 4705 quae
1485 4636 1784 4692 formulam
1840 4633 2108 4688 exhibent
2150 4631 2434 4703 ἀνέθηκεν
2478 4632 2618 4697 ὑπὲρ
2664 4636 2773 4686 κτλ.
2851 4630 3004 4696 Quae

316 4767 324 4774 .
400 4722 592 4773 tamen
637 4719 808 4774 verba
852 4736 966 4773 non
1011 4716 1433 4772 incubationem
1476 4734 1578 4787 pro
1626 4715 1803 4770 altero
1850 4714 2060 4769 factam
2105 4714 2487 4769 demonstrare
2540 4710 2679 4766 mihi
2724 4710 3001 4766 videntur.
