3611 5264
615 335 700 397 14
1393 330 1577 400 Caput
1611 331 1652 385 I.
1709 329 1792 383 De
1830 328 2059 383 somniis
2098 327 2315 383 divinis.

615 497 691 560 de
738 496 930 559 rebus
977 495 1054 558 cs.
1093 493 1423 558 Dieterich
1467 491 1723 576 Nekyia
1768 515 1831 575 p.
1871 491 1958 556 30
1969 514 2105 576 sqq.
2181 491 2518 556 Eiusmodi
2554 512 2933 556 consensum
2970 494 3220 555 exstare

611 616 742 658 non
789 595 1043 677 mirum,
1090 614 1234 657 011111
1281 592 1500 655 eadem
1537 589 1929 674 perfectione
1966 593 2159 673 atque
2196 588 2600 654 absolutione
2637 589 2851 653 omnia
2889 588 3219 672 excellant,

615 714 777 775 quae
824 691 905 755 ad
950 690 1129 753 illam
1174 690 1510 752 beatorum
1556 692 1793 751 terram
1840 688 2180 770 pertinent.
2270 686 2446 753 Num
2501 687 2774 751 fortasse
2829 688 2974 770 quis
3020 687 3221 750 artior

614 788 991 853 statuendus
1049 788 1136 851 sit
1190 806 1468 850 conexus
1476 836 1495 870 ‚
1548 789 1623 850 ut
1675 807 1807 849 non
1863 806 2171 869 negamus
2226 785 2320 849 ita
2372 785 2496 848 hoc
2556 785 2698 848 loco
2753 805 2872 847 nec
2923 782 3220 848 volumus

615 909 917 970 quaerere
962 906 1080 949 nec
1123 905 1481 967 possumus.

1732 1201 1977 1286 Caput
2030 1200 2110 1266 H.

1282 1363 1374 1429 De
1421 1361 1773 1429 incubandi
1820 1362 2057 1429 ritibus
2104 1362 2559 1448 symbolisque.

794 1505 870 1569 In
916 1505 1039 1570 hoc
1086 1507 1295 1591 capite
1340 1506 1544 1570 altero
1592 1503 1985 1590 colligendos
2030 1502 2193 1567 mihi
2239 1525 2313 1567 ac
2348 1505 2569 1588 paucis
2616 1503 3032 1571 illustrandos
3079 1526 3225 1586 pro-

616 1604 806 1689 posui
865 1604 1030 1668 ritus
1095 1603 1496 1668 incubationi
1554 1603 2003 1686 praecedentes
2064 1622 2182 1664 nec
2240 1601 2453 1665 minus
2524 1601 2843 1686 symbola,
2902 1594 3222 1683 imprimis

617 1700 938 1787 animalia,
986 1723 1149 1786 quae
1194 1702 1263 1765 in
1310 1701 1423 1765 illo
1470 1699 1863 1765 vaticinandi
1900 1719 2130 1784 genere
2171 1698 2455 1782 aliquam
2500 1699 2633 1763 vim
2678 1721 2832 1783 prae
2879 1720 2946 1763 se
2991 1699 3222 1762 ferunt.

618 1798 758 1874 Qua
806 1799 882 1862 de
919 1798 985 1862 vi
1022 1798 1182 1883 ipsa,
1219 1819 1610 1882 quamquam
1647 1797 1922 1861 fortasse
1958 1796 2274 1861 rationem
2314 1797 2632 1879 quandam
2668 1797 2951 1861 indicare
2985 1795 3224 1879 licebit,

617 1900 833 1960 tamen
880 1896 1196 1960 cautiores
1245 1916 1484 1980 sumus,
1532 1917 1724 1979 quam
1760 1899 1836 1958 ut
1880 1895 1949 1958 in
1986 1893 2248 1958 ultimas
2284 1893 2565 1959 latebras
2603 1895 2962 1959 reconditas
2999 1894 3225 1957 irrum-

617 2014 863 2076 pamus,
954 1992 1100 2057 Hoc
1145 1992 1420 2076 quidem,
1466 1996 1541 2055 ut
1586 1996 2103 2076 consentaneum,
2149 1991 2244 2055 ita
2287 1991 2677 2056 monendum
2723 1997 2821 2056 est
2866 1993 3031 2057 ritus
3078 1991 3224 2054 illos

618 2112 692 2153 ac
738 2089 1031 2174 symbola
1078 2089 1339 2153 omnino
1387 2090 1456 2152 in
1502 2088 1846 2153 chthom‘ae
1893 2110 2086 2174 quam
2130 2109 2432 2152 vocamus
2491 2089 2823 2173 religionis
2878 2092 3225 2173 conspectu

618 2187 807 2250 nobis
855 2186 1096 2250 offerri:
1142 2206 1261 2250 nec
1305 2185 1568 2271 mirum,
1626 2185 1681 2249 si
1737 2186 2106 2251 memineris
2162 2185 2611 2250 subterraneos
2667 2187 2817 2251 deos
2874 2186 2962 2252 δι’
3017 2186 3225 2270 ἐγκοι-

617 2287 873 2368 μήσεως
918 2283 1273 2347 vaticinari.

798 2380 1016 2465 Atque
1062 2381 1285 2446 statim
1342 2381 1723 2464 incipiamus
1779 2404 1818 2445 a
1871 2381 2108 2446 ritibus
2164 2381 2627 2446 enumerandis.
2721 2382 3008 2459 Quorum
3067 2386 3229 2446 cete-

619 2503 763 2543 rum
822 2483 1072 2563 partem
1117 2500 1247 2541 non
1293 2477 1486 2542 modo
1551 2477 1598 2541 ii
1653 2478 2081 2543 observabant
2125 2480 2446 2563 homines,
2494 2479 2605 2564 qui
2668 2479 2751 2542 ad
2795 2479 3229 2542 incubandum

621 2579 688 2641 in
743 2576 1014 2642 alicuius
1072 2576 1174 2641 dei
1226 2575 1542 2659 templum
1606 2580 1938 2661 venerant,
1995 2577 2106 2641 sed
2162 2598 2407 2662 01111108,
2464 2577 2577 2661 qui
2642 2597 2901 2662 operam
2975 2575 3229 2661 dabant,

619 2680 694 2739 ut
739 2674 842 2739 vel
889 2675 1063 2739 domi
1108 2674 1275 2738 lecto
1312 2675 1623 2758 prostrati
1661 2675 1982 2740 somnium
2018 2676 2379 2759 acciperent
2415 2676 2826 2760 perspicuum
2870 2675 2932 2740 h.
2972 2698 3021 2739 e.
3061 2675 3230 2761 quod

623 2773 849 2839 Graeci
914 2772 1328 2857 appeHabant
1383 2774 1650 2858 ὄνειρον
1714 2772 1959 2859 ἐναργῆ
1974 2771 2042 2860 1).
2137 2772 2462 2838 Ciceronis
2515 2773 2730 2838 locum
2793 2773 2984 2838 modo
3040 2775 3230 2837 adno-

620 2875 829 2935 tatum
879 2871 1081 2935 secuti
1129 2893 1417 2935 seorsum
1464 2870 1746 2935 dicemus
1794 2872 1871 2935 de
1917 2872 2095 2936 cultu
2143 2876 2208 2935 et
2253 2873 2446 2956 victu,
2494 2872 2584 2935 ita
2628 2877 2862 2956 tamen,
2907 2876 2982 2935 ut
3018 2872 3231 2955 priore

621 2969 762 3032 loco
809 2989 1123 3051 ponamus
1172 2969 1430 3052 victum,
1478 2969 1717 3052 quippe
1765 2970 1878 3052 qui
1923 2969 2305 3033 certioribus
2351 2970 2589 3034 finibus
2638 2971 2723 3034 sit
2770 2970 3071 3034 inclusus.

1749 3138 1831 3194 A.
1884 3138 2104 3194 Ritus.

1785 3294 1795 3304 .
1835 3249 1912 3302 V·
2083 3295 2093 3306 .

622 3340 700 3405 In
746 3338 1128 3424 Amphiarai
1175 3362 1354 3406 sacro
1403 3341 1725 3425 supplices
1755 3250 2227 3406 lieiffgssant
2273 3364 2472 3407 unum
2517 3364 2632 3427 per
2679 3340 2927 3429 (1101112).

623 3438 699 3502 In
745 3437 1050 3573 Iflutonio
1106 3439 1280 3524 apud
1331 3438 1581 3523 Nysam
1639 3441 1890 3525 aegroti
1943 3439 2287 3505 nonnullos
2346 3440 2479 3504 dies
2539 3439 2957 3504 morabantur
3002 3442 3233 3504 σιτίων

622 3534 906 3699 ggffilssjg·
923 3635 1096 3718 apud
1140 3635 1583 3722 Trophonium
1632 3636 1970 3702 observata
2018 3658 2156 3702 0880
2201 3633 2584 3721 videntur4).

804 3831 856 3897 1)
892 3828 1056 3894 „Iam
1091 3828 1436 3897 Pythayoras
1471 3834 1522 3882 et
1559 3828 1742 3895 Plato,
1780 3829 2186 3898 locupletissimi
2220 3834 2484 3894 auctores,
2519 3843 2625 3897 quo
2661 3828 2725 3881 in
2760 3828 2963 3882 somnis
3002 3828 3232 3881 certiora

622 3907 917 3973 videamus,
945 3912 1314 3976 praeparatos
1350 3908 1584 3976 quodam
1620 3909 1771 3962 cultu
1808 3914 1968 3977 atque
2003 3909 2152 3963 victu
2177 3909 2458 3977 proficisci
2488 3910 2564 3962 ad
2598 3908 2976 3962 dormiendum
3010 3907 3232 3961 iuben&

625 3984 736 4039 Cic.
776 3986 846 4040 de
884 3985 990 4040 div.
1030 3986 1081 4039 Π
1108 3991 1195 4054 58,
1227 3991 1346 4040 119.

803 4068 857 4134 2)
894 4065 988 4118 καὶ
1026 4063 1288 4136 λαβόντες
1334 4067 1388 4121 οἱ
1425 4067 1591 4136 ἱερεῖς
1634 4065 1734 4121 τὸν
1768 4065 2111 4138 χρησόμενον
2158 4065 2313 4122 σίτου
2349 4087 2408 4122 τε
2445 4066 2689 4138 εἴργουσι
2717 4064 2853 4136 μίαν
2888 4064 3098 4136 ἡμέραν
3136 4065 3227 4120 καὶ

626 4142 787 4196 οἴνου
823 4151 971 4210 τρεῖς
1005 4143 1266 4200 Philostr.
1305 4145 1371 4200 V.
1409 4146 1593 4217 Apoll.
1623 4146 1675 4199 H
1704 4152 1771 4200 37
1810 4165 1863 4216 p.
1897 4153 1981 4214 79,
2002 4152 2070 4201 20
2098 4146 2164 4203 K.

806 4224 860 4292 3)
899 4221 1101 4276 Strabo
1137 4223 1267 4277 XIV
1297 4230 1345 4294 1,
1373 4232 1443 4280 44
1478 4245 1533 4295 p.
1564 4232 1683 4281 649.

802 4304 858 4370 4)
897 4300 966 4355 cf.
1004 4318 1221 4355 versum
1270 4320 1300 4357 0
1338 4304 1553 4359 Cratini
1589 4305 1909 4375 Trophonio
1946 4307 2050 4378 frg.
2084 4313 2187 4362 218
2225 4306 2415 4375 Kock,
2461 4307 2560 4375 qui
2604 4306 2850 4362 traditur
2893 4306 2952 4359 in
2990 4303 3233 4360 Bekkeri

625 4381 834 4435 Anecd.
872 4380 899 4433 I
926 4386 1046 4449 358,
1076 4388 1125 4435 2.
1167 4382 1318 4438 Suid.
1358 4401 1400 4438 s.
1439 4404 1485 4439 v.
1527 4385 1801 4454 αἴρασθαι
1840 4386 1866 4438 I
1895 4393 1926 4440 2
1964 4404 2017 4455 p.
2048 4393 2135 4455 46,
2169 4393 2233 4440 13
2263 4387 2606 4455 Bernhardy.
2682 4386 2877 4440 Zonar.
2912 4391 2979 4440 93
3027 4384 3230 4439 omisso

625 4462 831 4530 poetae
869 4459 1118 4515 nomine:
1167 4463 1234 4515 οὐ
1274 4471 1427 4518 σῖτον
1464 4462 1697 4533 ἄρασθ’,
1736 4467 1838 4536 οὐχ
1874 4464 2056 4522 ὕπνου
2085 4470 2275 4538 λαχεῖν
2303 4464 2466 4535 μέρος
2502 4467 2642 4537 (8011.
2682 4465 2853 4531 ἔξεστι
2887 4464 2974 4519 vel
3013 4464 3230 4535 simile).

626 4541 785 4594 Duae
836 4538 1266 4610 explicationem,
1323 4559 1462 4609 quas
1508 4543 1782 4614 Bergkius
1838 4546 2074 4614 praebet
2118 4546 2179 4599 in
2225 4545 2800 4601 Commentationibus
2854 4545 2923 4598 de
2977 4543 3231 4613 reliquiis

628 4620 964 4674 comicorum
1000 4619 1315 4674 Atticorum
1354 4621 1710 4690 antiquorum
1745 4644 1797 4694 p.
1832 4630 1934 4678 216
1954 4642 2054 4694 sq.,
2094 4642 2260 4679 8011811
2297 4628 2508 4696 carent,
2546 4627 2750 4680 altera:
2779 4624 3063 4678 hominem
3091 4624 3231 4677 adeo

629 4702 920 4770 aegrotum
956 4699 1145 4768 fuisse,
1183 4703 1247 4755 ut
1283 4717 1464 4769 neque
1493 4703 1657 4757 edere
1692 4706 1886 4774 posset
1911 4720 2092 4773 neque
2124 4705 2389 4762 dormire:
2429 4706 2565 4774 quia
2592 4703 2943 4773 Trophonius
2971 4720 3085 4756 non
3113 4704 3234 4757 erat
