3611 5264
477 305 481 309 ’
568 332 654 394 52
1702 327 1886 397 Caput
1919 328 2011 382 ΠΙ.

568 493 680 577 qui
725 493 961 557 Terrae
1008 493 1170 556 iram
1216 493 1424 576 possit
1470 491 1739 575 placare.
1831 488 1991 554 Adit
2037 513 2182 555 eum
2231 512 2390 575 puer
2434 488 2700 576 Apollo;
2755 490 2923 554 ridet
2977 494 3178 576 pater,

565 591 791 655 adnuit
836 590 1059 675 filiolo,
1105 590 1338 655 Terrae
1383 589 1741 675 phasmatis
1789 589 2115 673 oppressis
2172 588 2449 653 honores
2498 589 2557 652 ei
2602 587 2837 652 reddit:
2893 588 2975 651 iis
3022 592 3179 652 tem—

562 690 849 774 poribus,
897 689 1131 773 quibus
1177 687 1469 773 Iuppiter
1505 710 1795 753 summus
1835 691 1971 752 erat
2010 688 2183 771 deus,
2227 685 2447 750 fabula
2484 686 2561 750 de
2598 683 2925 769 Apollinis
2961 706 3178 771 pugna

562 787 878 871 Delphica
923 786 1051 851 alio
1100 788 1291 851 modo
1338 787 1670 850 terminari
1716 808 1851 850 non
1895 786 2112 869 potuit
2125 783 2194 872 ¹).

741 884 902 950 Cum
956 886 1198 969 hymno
1258 885 1447 950 initio
1506 885 1773 969 capituli
1839 883 2350 969 comparavimus
2415 904 2672 947 carmen
2733 881 3176 966 Euripideum,

564 983 714 1067 quia
758 1005 967 1068 neque
1013 986 1392 1068 argumento
1450 1005 1658 1066 neque
1713 983 1923 1047 forma
1976 982 2254 1047 multum
2310 1004 2347 1045 a
2403 982 2793 1046 carminibus
2849 980 3175 1044 hieraticis

560 1082 629 1145 in
667 1082 768 1146 dei
807 1082 1081 1168 gloriam
1119 1081 1497 1165 compositis
1535 1081 1792 1146 videtur
1830 1081 2100 1145 differre.
2166 1078 2383 1164 Atque
2420 1080 2550 1143 iam
2586 1079 2915 1143 Bruhnius
2953 1102 3013 1161 p.
3048 1076 3173 1141 155

560 1202 593 1242 e
640 1179 934 1244 versibus
986 1179 1156 1244 1262
1176 1176 1390 1266 sqq.²)‚
1439 1179 1678 1262 quippe
1726 1179 1839 1263 qui
1884 1177 2171 1242 fabulam
2217 1179 2620 1243 continerent
2658 1200 2696 1240 a
2734 1176 3172 1241 sacerdotibus

560 1276 894 1360 Delphicis
940 1278 1175 1362 fictam,
1222 1276 1539 1341 conclusit
1582 1276 1961 1359 Euripidem
2010 1276 2273 1360 aliquod
2311 1299 2565 1340 carmen
2613 1265 2864 1340 sa'crum
2910 1274 3171 1357 Delphi-

562 1395 707 1437 cum
755 1374 1099 1438 imitatum‘
1126 1396 1265 1438 esse
1311 1373 1632 1457 additque,
1680 1372 1744 1435 id
1793 1375 1966 1456 quod
2012 1373 2546 1438 Wilamowitzius
2593 1396 2739 1439 cum
2778 1396 2853 1438 eo
2896 1395 3171 1437 commu-

555 1471 813 1557 nicavit,
853 1472 1117 1536 eandem
1155 1494 1290 1536 rem
1330 1471 1601 1534 indicari
1638 1475 1846 1535 metro
1885 1471 2075 1554 plane
2105 1472 2434 1557 singulari.
2499 1471 2735 1538 Nescio
2774 1495 2855 1535 an
2894 1475 3174 1536 statuen-

552 1744 686 1805 γαῖα
725 1736 813 1789 vel
849 1735 1057 1790 rectius
1098 1740 1245 1789 Γαῖα
1281 1735 1493 1789 mutari
1529 1752 1642 1789 non
1677 1739 1883 1806 potest,
1922 1735 2058 1804 quia
2096 1736 2308 1806 optime
2346 1753 2406 1791 se
2458 1736 2770 1806 excipiunt,
2817 1752 2964 1805 quae
3002 1752 3171 1805 supra
3257 1796 3264 1799 j

550 1814 694 1885 legis
734 1821 869 1868 1259
891 1833 1037 1885 sqq.:
1081 1814 1256 1884 Θέμιν
1294 1813 1349 1869 δ’
1395 1816 1603 1889 ἐπ<ε>ὶ
1643 1821 1780 1878 Γᾶς
1817 1817 1919 1871 ἰὼν
1955 1814 2144 1871 παῖδ’
2189 1815 2530 1872 ἀπενάσσατ’
2559 1814 2918 1889 Ἀπό<λλων>
2948 1815 3169 1881 ζαθέων

550 1893 920 1965 χρηστηρίων,
959 1899 1017 1949 et
1053 1911 1198 1965 quae
1235 1895 1385 1949 infra
1423 1899 1686 1950 secuntur
1726 1902 1862 1950 1267
1885 1915 2032 1967 sqq.:
2074 1902 2167 1951 Γα
2179 1906 2248 1951 ἴα
2286 1896 2349 1951 δὲ
2386 1906 2650 1967 μαντεῖον
2698 1894 2955 1966 ἀφείλετο
3001 1895 3168 1965 τιμὰν

554 1978 762 2047 Φοῖβον
809 1973 1013 2048 φθόνῳ
1049 1973 1411 2046 θυγατρός.
1489 1980 1636 2031 Γαῖα
1675 1980 1762 2031 est
1797 1976 2086 2032 Themidis
2124 1980 2307 2031 mater
2340 1994 2523 2047 neque
2568 1994 2699 2031 vero
2745 1976 2950 2045 Χθὼν,
2997 1993 3168 2046 quam

548 2053 609 2108 in
644 2055 750 2109 hoc
797 2056 1044 2109 carmine
1082 2073 1117 2109 a
1153 2055 1327 2109 Terra
1364 2056 1605 2110 discerni
1642 2057 1757 2110 iam
1795 2074 1967 2126 supra
2001 2056 2333 2113 monuimus.
2399 2057 2597 2126 Neque
2634 2055 2975 2111 Weckleinii
3018 2059 3166 2110 stare

547 2138 737 2204 potest
799 2136 1107 2203 sententia,
1154 2135 1277 2205 qui,
1327 2153 1670 2205 quamquam
1713 2139 1933 2191 textum
1977 2154 2090 2191 non
2138 2137 2361 2208 attigit,
2398 2140 2590 2191 tamen
2636 2137 2695 2190 in
2743 2139 3020 2207 apparatu
3065 2155 3167 2206 pro

550 2219 698 2269 Γαῖα
735 2215 798 2269 δὲ
836 2249 903 2257 -
935 2215 1024 2270 ἀεὶ
1061 2216 1364 2287 legendum
1400 2217 1677 2286 proponit.
1735 2216 1885 2286 Ergo
1917 2221 2063 2272 Γαῖα
2102 2217 2165 2271 δὲ
2201 2218 2584 2286 retinendum3
2613 2236 2661 2273 v.
2696 2223 2831 2271 1267
2870 2218 2976 2272 hoc
3002 2233 3167 2286 prae-

547 2296 648 2351 bet
685 2297 933 2350 schema:
970 2285 1055 2349 J-
1094 2299 1102 2366 Ι
1136 2341 1166 2349 -
1196 2342 1229 2349 ..
1262 2300 1271 2367 Ι
1304 2343 1337 2349 -
1365 2342 1397 2349 ..
1432 2298 1440 2367 Ι
1472 2341 1506 2349 -
1534 2324 1571 2349 υ
1596 2323 1646 2351 υ.
1706 2295 1957 2360 Quocum
1987 2298 2300 2352 consentire
2339 2298 2511 2352 debet
2546 2316 2594 2352 v.
2628 2304 2793 2366 1242;
2832 2298 2984 2366 quod
3011 2298 3166 2352 haud

546 2376 633 2430 ita
670 2375 925 2431 difficile:
966 2376 1145 2446 μάτηρ
1183 2373 1252 2429 ex
1288 2374 1498 2446 ματέρα
1544 2375 1765 2430 videtur
1810 2380 2135 2446 corruptum
2172 2378 2262 2447 (cf.
2302 2377 2552 2431 Jacobsii
2604 2381 2663 2431 et
2707 2377 2904 2432 Weilii
2950 2377 3164 2433 coniec-

545 2459 700 2510 turas
739 2457 890 2525 apud
927 2455 1391 2527 Weckleinium)‚
1430 2456 1582 2525 quod
1621 2456 1773 2525 apud
1811 2456 2125 2510 Bruhnium
2161 2457 2277 2511 iam
2311 2457 2456 2527 legis
2495 2457 2554 2510 in
2590 2460 2780 2525 textu,
2822 2475 3162 2527 quamquam

545 2536 692 2589 unde
731 2536 1034 2605 sumpserit
1068 2554 1182 2591 non
1217 2536 1390 2603 vides,
1428 2553 1556 2589 cum
1591 2535 1656 2588 in
1691 2539 1971 2605 apparatu
2009 2537 2206 2591 critico
2242 2537 2325 2591 nil
2364 2537 2611 2593 adnotet.
2691 2538 2839 2591 Illud
2867 2536 3076 2607 ματέρα
3115 2537 3162 2591 si

541 2619 672 2685 post
705 2614 813 2671 τὰν
847 2634 1044 2686 ponas,
1082 2615 1344 2686 legantur
1380 2616 1545 2671 haec:
1586 2615 1875 2672 ἀστάκτων
1922 2615 2146 2672 ὑδάτων
2189 2616 2296 2673 τὰν
2340 2616 2551 2688 ματέρα
2598 2618 2984 2690 βακχεύουσαν
3021 2625 3154 2675 Διο-

548 2697 694 2769 νύσῳ
730 2697 1062 2769 Παρνάσιον
1098 2695 1372 2766 κορυφάν.
1450 2697 1688 2750 Schema
1724 2696 1901 2766 igitur
1936 2698 2069 2753 hoce
2099 2745 2133 2751 ..
2162 2745 2194 2750 -
2229 2700 2238 2766 1
2271 2744 2301 2751 -
2331 2717 2402 2751 Q
2433 2701 2442 2768 Ι
2475 2744 2508 2751 ..
2538 2745 2569 2751 -
2604 2701 2613 2768 Ι
2647 2744 2682 2752 -
2708 2727 2795 2753 ω.

721 2789 772 2855 1)
810 2786 1010 2854 Itaque
1047 2785 1220 2839 etiam
1258 2785 1409 2855 apud
1445 2786 1643 2841 Aesch.
1682 2786 1841 2841 Eum.
1877 2792 1941 2839 17
1959 2804 2077 2855 sqq.
2135 2787 2391 2856 Iuppiter
2428 2787 2551 2856 ipse
2580 2788 2900 2857 Apollinem
2926 2788 3160 2858 Delphis

539 2865 867 2935 inaugurat:
904 2864 1101 2936 τέχνης
1137 2864 1202 2920 δέ
1238 2887 1331 2921 νιν
1374 2867 1509 2928 Ζεὺς
1538 2864 1742 2921 ἔνθεον
1785 2863 1976 2929 κτίσας
2012 2865 2195 2936 φρένα
2228 2871 2236 2937 Ι
2270 2866 2369 2932 ἵζει
2418 2866 2683 2937 τέταρτον
2725 2871 2912 2923 τοῖσδε
2959 2867 3160 2938 μάντιν

539 2946 601 3001 ἐν
645 2945 901 3015 θρόνοις·
947 2947 955 3018 Ι
998 2948 1135 3009 Διὸς
1182 2945 1475 3016 προφήτης
1521 2943 1576 2999 δ’
1629 2946 1742 3000 ἐστὶ
1787 2944 1996 3011 Λοξίας
2048 2945 2274 3016 πατρός.
2334 2947 2402 3001 cf.
2449 2947 2660 3003 Himer.
2691 2966 2766 3004 or.
2798 2949 2926 3002 XIV
2959 2954 3023 3002 10
3071 2951 3158 3018 (ex

536 3026 871 3095 paraphrasi
908 3026 1142 3095 paeanis
1178 3026 1423 3096 Alcaei):
1473 3024 1563 3080 ὅτε
1603 3023 1876 3082 Ἀπόλλων
1914 3025 2159 3097 ἐγένετο,
2196 3026 2476 3096 κοσμήσας
2513 3028 2685 3083 αὐτὸν
2725 3028 2754 3082 ὁ
2799 3030 2966 3090 Ζεὺς.
3000 3073 3011 3084 .
3045 3029 3160 3090 .εἰς

539 3107 796 3174 Δελφοὺς
831 3103 1036 3174 πέμπει
1074 3107 1170 3159 καὶ
1208 3103 1524 3168 Κασταλίας
1559 3105 1811 3175 νάματα,
1851 3106 2074 3161 ἐκεῖθεν
2122 3107 2584 3177 προφητεύσοντα
2631 3105 2939 3176 δίκηνκαὶ
2984 3105 3157 3177 θέμιν

536 3195 655 3247 τοῖς
687 3183 973 3255 Ἓλλησιν.
1047 3205 1097 3240 v.
1144 3186 1317 3240 etiam
1362 3185 1612 3239 Bulletin
1661 3187 1730 3240 de
1783 3203 1919 3242 corr.
1976 3186 2107 3240 hell.
2165 3193 2303 3241 1894
2353 3206 2406 3256 p.
2438 3193 2559 3256 352,
2593 3193 2780 3256 18sq.:
2835 3187 2889 3258 ὃ]
2945 3186 3007 3241 δὲ
3057 3190 3153 3257 (sc.

537 3265 761 3336 Apollo)
800 3264 935 3337 γέγα
969 3267 977 3338 Ι
1007 3264 1098 3333 θ’,
1136 3264 1221 3320 ὅτι
1258 3264 1419 3339 [ν]όῳ
1458 3264 1813 3337 δε[ξ]άμενος
1849 3264 2137 3339 ἀμβρόταν
2175 3267 2338 3339 Δ[ιὸς
2375 3266 2586 3338 ἐπέγνω
2625 3265 2835 3338 φρέν’]
2893 3267 2995 3321 Cui
3031 3268 3156 3322 loco
3249 3289 3264 3303 ·

537 3346 774 3399 adnotat
809 3345 1047 3400 Weilius
1075 3365 1128 3416 p.
1161 3352 1290 3402 354:
1328 3347 1606 3415 „Duff-&8
1643 3347 1700 3401 la
1736 3345 1979 3402 doctrine
2015 3348 2081 3401 de
2117 3347 2371 3416 Delphos,
2405 3349 2647 3418 Apollo‘n
2690 3356 2768 3402 est
2804 3350 2851 3402 le
2886 3349 3158 3415 confident

535 3431 584 3480 et
620 3426 944 3495 l'interprete
980 3428 1045 3481 cle
1083 3428 1140 3481 la
1167 3429 1361 3496 pense'e
1397 3428 1463 3481 de
1498 3427 1693 3481 Zeus“.
2340 3500 2344 3505 ι

711 3517 765 3585 2)
785 3515 950 3587 νύχια
969 3515 1147 3569 Χθὼν
1168 3514 1501 3571 ἐτεκνώσατο
1524 3514 1774 3585 φάσματ’
1810 3514 2061 3586 ὀνείρων,
2087 3516 2142 3571 οἳ
2168 3516 2482 3591 πολέσκν>
2512 3515 2769 3586 μερόπων
2785 3517 2854 3571 τά
2873 3536 2931 3571 τε
2958 3527 3151 3586 πρῶτα

534 3598 600 3664 (v.
642 3596 712 3648 de
749 3596 838 3667 his
876 3595 1059 3649 verbis
1095 3595 1244 3649 infra
1256 3599 1290 3665 1)
1327 3596 1398 3649 τά
1434 3593 1485 3650 τ’
1530 3594 1715 3650 ἔπαθ’
1760 3594 1846 3650 ὅσ’
1892 3596 2074 3666 ἔμελλε
2110 3607 2296 3669 τυχεῖν
2333 3595 2515 3652 ὕπνου
2551 3596 2696 3651 κατὰ
2734 3596 3016 3668 δνοφερὰς
3052 3606 3154 3668 γᾶς

537 3674 704 3738 εὐνὰς
742 3675 998 3745 ἔφραζον.
1056 3676 1247 3746 Negat
1274 3676 1554 3730 Bruhnius
1592 3676 1680 3730 his
1711 3677 1962 3731 versibus
1993 3677 2415 3731 incubationem
2443 3676 2683 3731 indicari
2713 3681 2845 3732 ante
2872 3677 3150 3747 Apollinis

534 3757 837 3810 adventum
873 3757 1161 3823 usitatam,
1200 3772 1345 3823 quae
1384 3758 1469 3809 est
1504 3756 1715 3809 Rohdii
1753 3757 2037 3812 sententia
2073 3758 2163 3828 (cf.
2203 3757 2448 3827 Psyche²
2484 3757 2536 3810 H
2564 3763 2650 3825 58,
2675 3762 2744 3828 1).
2818 3758 2883 3811 Id
2920 3758 3147 3827 quidem

535 3839 747 3889 certum
785 3836 1070 3890 exstitisse
1109 3836 1244 3890 olim
1280 3834 1512 3904 Delphis
1552 3837 1841 3890 oraculum
1878 3838 2213 3892 chthonium
2247 3854 2431 3907 neque
2470 3837 2742 3908 intellego
2782 3838 3146 3908 Stengelium,

531 3915 629 3982 qui
658 3915 768 3969 hoc
796 3933 1016 3984 quoque
1046 3915 1376 3986 ambiguum
1405 3931 1527 3968 esse
1554 3918 1718 3984 putet
1747 3917 2110 3986 (Kultusalt.²
2134 3938 2187 3989 p.
2214 3920 2317 3988 64).
2337 3950 2404 3958 —
2428 3918 2518 3970 Ad
2555 3919 2726 3971 verba
2761 3916 2832 3972 τά
2872 3938 2931 3972 τε
2957 3928 3147 3987 πρῶτα

528 3995 810 4048 Bruhnius
847 3997 952 4050 hoc
991 3998 1255 4052 adnotat:
1293 3995 1474 4064 „‘da8,
1510 4013 1625 4050 was
1659 4003 1838 4051 zuerst
1885 3997 2197 4052 beversteht'
2247 3999 2451 4053 erklc'irt
2506 4015 2664 4064 man,
2711 3999 2795 4053 als
2841 4000 2992 4054 liesse
3035 3999 3148 4053 sich

530 4076 620 4128 ei‘n
656 4076 878 4145 Beyriff
904 4078 1004 4131 wie
1044 4076 1464 4132 ‘bevorstehe‘nd’
1504 4092 1563 4130 so
1602 4076 1825 4145 beliebiy
1862 4083 2144 4147 erydnze‘n.
2215 4078 2420 4132 Gewiss
2446 4078 2518 4132 ist
2554 4078 2643 4132 die
2671 4076 2832 4133 Stelle
2866 4078 3147 4147 korrupt.“

529 4152 675 4206 Illud
717 4154 1169 4210 ‘beverstehend’
1211 4173 1324 4211 non
1361 4173 1500 4226 opus
1541 4157 1627 4209 est
1666 4156 1754 4209 ‘ut
1781 4155 1961 4210 lubet’
1995 4157 2271 4227 supplere,
2311 4174 2436 4210 cum
2463 4157 2523 4209 in
2550 4160 2711 4211 textu
2739 4157 2866 4227 ipso
2894 4156 3139 4232 legatur-3

529 4233 700 4286 verba
737 4231 821 4286 ὅσ’
867 4233 1045 4303 ἔμελλε
1082 4246 1270 4307 τυχεῖν
1306 4255 1418 4291 non
1455 4239 1679 4290 tantum
1716 4236 1790 4289 ad
1827 4234 1896 4290 τά
1933 4235 1983 4290 τ’
2029 4234 2218 4291 ἔπειθ’
2252 4237 2553 4306 pertinent,
2596 4238 2695 4291 sed
2724 4237 2899 4292 etiam
2936 4238 3010 4291 ad
3047 4254 3145 4291 an-

526 4312 846 4366 tecedentia
880 4314 949 4367 τά
985 4334 1043 4369 τε
1080 4326 1270 4385 πρῶτα
1309 4321 1404 4385 (sc.
1446 4313 1532 4371 5¹⁶³
1575 4315 1755 4385 ἔμελλε
1792 4319 2017 4387 τυχεῖν).
2072 4316 2309 4369 Bruhnii
2340 4316 2665 4371 coniectura
2690 4318 2994 4388 legendum
3024 4333 3143 4371 esse

525 4393 597 4446 τά
624 4391 672 4445 τ’
702 4391 866 4447 ἐόντα
886 4396 1216 4464 (secundum
1243 4397 1371 4451 Eur.
1393 4396 1517 4450 Hel.
1541 4402 1607 4450 13
1625 4414 1706 4464 sq.
1729 4395 1824 4467 [cf.
1843 4396 1904 4448 Il.
1923 4396 1973 4448 A
1994 4397 2105 4467 70])
2145 4413 2561 4465 supervacanea
2596 4397 2738 4452 mihi
2777 4398 3001 4452 videtur
3036 4413 3139 4450 nec

525 4472 709 4526 minus
747 4474 899 4541 quod
950 4473 1333 4529 Weckleinius
1370 4476 1657 4545 proponit:
1700 4474 1737 4529 ἃ
1774 4473 2049 4544 πέπρωτο.
2124 4474 2227 4530 Est
2264 4475 2414 4530 enim
2459 4477 2567 4530 hoc
2614 4477 2863 4532 Graecae
2913 4478 3141 4548 linguae

529 4553 818 4621 proprium
865 4553 1121 4623 partibus
1169 4555 1477 4625 exprimere
1523 4573 1655 4611 rem.
1709 4589 1772 4596 -
1826 4555 2085 4610 Ceterum
2136 4573 2263 4609 cum
2311 4574 2372 4610 re
2416 4556 2544 4627 ipsa
2594 4557 2835 4612 fortasse
2890 4558 3139 4613 conferre

530 4633 681 4702 licet,
710 4649 856 4702 quae
882 4632 1027 4704 legis
1058 4636 1210 4704 apud
1238 4635 1499 4692 Philostr.
1523 4636 1588 4692 V.
1613 4636 1795 4706 Apoll.
1818 4636 1948 4690 VIII
1969 4641 1998 4688 7
2014 4654 2067 4704 p.
2086 4641 2208 4704 314,
2228 4642 2298 4690 20
2317 4636 2410 4693 K:
2442 4639 2570 4692 θεοὶ
2598 4636 2699 4708 μὲν
2726 4638 2832 4709 γὰρ
2862 4637 3140 4708 μελλόν-

524 4732 679 4780 των,
719 4713 1015 4782 άνθρωποι
1054 4714 1117 4768 δὲ
1154 4714 1513 4786 γιγνομένων,
1553 4718 1720 4786 σοφοὶ
1759 4714 1822 4770 δὲ
1858 4714 2287 4796 προσιόντων
2324 4718 2715 4773 αἰσθάνονται.
