3611 5264
1183 315 1265 369 De
1300 314 1609 369 incubandi
1645 314 1851 368 ritibus
1888 314 2283 384 symbolisque.
2947 312 3028 376 19

420 478 570 564 Ipse
617 478 1027 564 Trophonius
1081 478 1470 542 adorabatur
1516 481 1729 542 statua
1775 478 1931 561 eius,
1978 499 2140 562 quae
2193 475 2461 540 Daedali
2509 497 2669 560 opus
2718 496 2857 540 esse
2904 480 3032 540 tra-

418 577 708 661 debatur,
754 577 1057 662 adspecta
1101 581 1295 661 atque
1343 575 1530 639 culta.
1605 573 1822 662 (Paus.
1860 574 1955 639 IX
1992 575 2096 658 39,
2126 574 2214 661 8.)

418 672 495 738 In
571 674 825 739 Daunia
896 674 1189 738 homines
1265 696 1332 738 se
1396 674 1598 757 ipsos,
1645 676 1945 758 aegrotos
2020 672 2154 736 sive
2226 693 2457 756 pecora
2531 695 2645 737 sua
2726 671 3033 736 Althaeni

416 772 722 836 fluctibus
769 773 1220 856 immergentes
1265 771 1680 855 Podalirium,
1726 771 1793 834 in
1841 770 2022 833 cuius
2060 769 2309 833 tumulo
2366 769 2642 854 pellibus
2690 770 3033 833 substratis

416 892 532 954 per
559 892 855 933 somnum
885 869 1143 933 oracula
1164 873 1530 954 exspectare
1550 868 1844 932 solebant
1873 866 2286 955 (Lycophron
2312 866 2484 930 1050
2496 889 2588 951 sq.
2620 870 2701 949 -Ι-
2725 865 3035 953 Tzetzes)‚

419 968 804 1033 invocabant
840 968 1162 1052 propitius
1209 967 1460 1031 adesset
1475 965 1543 1053 1).

416 1065 633 1131 Numa
712 1064 934 1129 Fauno
1018 1064 1281 1128 incubat
1361 1065 1654 1150 „adorato
1727 1086 1846 1146 per
1905 1083 2040 1147 ,sua
2115 1063 2300 1128 verba
2375 1062 2521 1128 deo“
2636 1059 2779 1148 (Ov.
2862 1061 3035 1125 Fast.

419 1353 688 1424 ὑπόγειον
735 1354 941 1424 οἴκημα
986 1354 1061 1408 ib.
1110 1354 1201 1408 IV.
1242 1381 1310 1400 =
1348 1355 1517 1408 schol.
1566 1355 1696 1408 Luc.
1744 1353 1878 1407 dial.
1925 1355 2088 1406 mort.
2138 1358 2168 1405 3
2198 1352 2266 1405 II.
2339 1352 2402 1406 τὸ
2453 1352 2627 1406 αὑτοῦ
2666 1351 3036 1419 συνεστήσατο

419 1433 752 1505 χρηστήριον
802 1433 877 1488 ib.
931 1434 1021 1487 IV.
1097 1434 1353 1503 Denique
1407 1435 1558 1504 apud
1612 1433 1878 1488 Photium
1929 1451 1969 1487 s,
2022 1452 2071 1487 v,
2125 1429 2407 1503 Λεβαδεία
2456 1431 2818 1486 inveniuntur
2871 1433 3036 1486 haec:

417 1513 579 1577 πόλις
607 1512 894 1582 Βοιωτίας,
913 1514 975 1569 ἐν
1003 1506 1038 1586 ᾖ
1077 1515 1216 1576 Διὸς
1242 1524 1524 1584 μαντεῖον,
1558 1512 1894 1584 Τροφωνίου
1922 1510 2457 1574 κατασκευάσαντος.
2516 1511 2731 1576 Quibus
2760 1528 2828 1565 ex
2855 1512 3040 1565 verbis

422 1597 680 1664 apparet,
728 1597 1075 1664 quantopere
1112 1594 1465 1664 Trophonius
1513 1612 1640 1649 cum
1684 1594 1785 1648 illo
1825 1594 1956 1647 Iove
2001 1593 2156 1663 Rege
2206 1593 2373 1663 [Ζεὺς
2410 1593 2718 1664 Βασιλεύς],
2758 1591 2849 1645 cui
2886 1591 3046 1644 iuxta

420 1672 804 1744 Trophonium
849 1674 1035 1743 ipsum
1081 1691 1329 1729 seorsum
1375 1674 1498 1728 ludi
1559 1673 1994 1728 celebrabantur
2039 1670 2349 1744 [Βασίλεια]
2365 1716 2380 1743 ,
2429 1672 2693 1726 confusus
2740 1671 2828 1725 sit.
2907 1671 3049 1725 Sunt

423 1752 574 1807 enim
608 1753 833 1824 proprie
870 1753 1224 1824 Trophonius
1262 1756 1321 1808 et
1355 1753 1606 1824 Iuppiter
1632 1754 1751 1807 Rex
1779 1771 1957 1807 unum
1984 1752 2270 1821 quoddam
2307 1752 2664 1806 daemonium
2701 1751 3046 1820 chthonium,

425 1835 574 1887 certe
621 1833 872 1887 eiusdem
914 1834 1162 1887 numinis
1201 1834 1613 1901 emanationes,
1653 1850 1719 1887 eo
1757 1833 1969 1902 magis,
2007 1832 2159 1899 quod
2195 1830 2549 1900 Trophonius
2586 1831 2726 1901 ipse,
2764 1831 2911 1885 sicut
2948 1830 3049 1884 alii

429 1912 489 1965 di
528 1913 782 1968 chthonii
815 1913 1108 1984 ‘Iuppiter’
1142 1913 1553 1983 appellabatur.
1612 1912 1680 1966 cf.
1712 1913 1911 1967 Rohde
1940 1910 2196 1980 Psyche²
2230 1911 2256 1963 I
2282 1930 2335 1981 p.
2370 1917 2489 1980 125,
2522 1914 2592 1981 1.)
2630 1911 2713 1965 De
2749 1911 3047 1964 Alcmenes

425 1992 679 2047 thalamo
734 1993 944 2047 Thebis
1009 1993 1379 2048 exaedificato
1433 2013 1480 2047 v.
1540 1993 1703 2046 Paus.
1751 1993 1830 2046 IX
1879 1998 1964 2061 11,
2014 1998 2059 2045 1.
2142 1990 2424 2045 Exstabat
2479 1991 2541 2044 in
2587 2007 2652 2045 eo
2701 1991 3050 2061 epigramma

422 2074 510 2141 (·==
534 2072 836 2142 Antholog.
869 2072 1049 2127 Palat.
1079 2073 1332 2143 Append.
1367 2077 1507 2142 114),
1538 2072 1696 2127 cuius
1726 2076 1813 2126 est
1840 2089 2031 2126 versus
2059 2070 2261 2125 tertius
2289 2070 2452 2139 isque
2479 2071 2737 2127 ultimus:
2768 2070 3049 2142 Ἀγχάσιος

427 2148 485 2205 δ’
529 2149 753 2221 ἐποίησε
790 2154 1117 2222 Τροφώνιος
1143 2151 1236 2222 ἠδ’
1273 2151 1606 2222 Ἀγαμήδης,
1655 2152 1753 2207 ubi
1787 2169 2098 2223 cognomen
2118 2150 2403 2223 Ἀγχάσιος
2440 2151 2761 2221 Trophonio
2792 2152 3049 2206 additum

423 2232 723 2285 obscurum
770 2232 1149 2305 explicatione
1198 2235 1366 2287 caret.
1442 2233 1524 2286 De
1573 2233 1859 2287 Thesauro
1908 2232 2105 2302 Hyriei
2151 2233 2218 2285 cf.
2269 2232 2432 2286 Paus.
2481 2232 2557 2285 IX
2594 2238 2680 2302 37,
2720 2238 2768 2286 5.
2809 2239 2867 2288 6:
2913 2232 3049 2286 Tro-

420 2311 663 2383 phonius
714 2311 1018 2381 Agamedis
1069 2311 1222 2381 eapti
1275 2311 1490 2365 decidit
1540 2315 1725 2382 caput.
1801 2312 1870 2368 cf.
1925 2312 2080 2366 Suid.
2137 2329 2179 2365 s.
2219 2329 2268 2365 v.
2321 2312 2402 2374 εἰς
2461 2309 2795 2382 Τροφωνίου
2841 2310 3048 2381 μεμάν-

339 2445 348 2452 ,
421 2409 611 2445 τευται
651 2417 717 2436 =
756 2390 903 2446 Plut.
952 2391 1209 2447 Proverb.
1258 2391 1284 2443 I
1321 2397 1387 2445 51
1429 2388 1828 2462 (Paroemiogr.
1878 2391 2231 2462 Gottingens.
2275 2391 2302 2444 Ι
2332 2394 2474 2460 329).
2548 2392 2763 2445 Eadem
2810 2390 3050 2446 historia

423 2470 600 2525 alium
660 2470 722 2524 in
771 2470 958 2525 locum
1016 2471 1299 2525 translata
1360 2471 1421 2524 in
1482 2472 1655 2526 schol.
1718 2474 1812 2526 Ar.
1881 2472 2028 2526 Nub.
2084 2477 2188 2525 508
2236 2471 2311 2526 H:
2369 2470 2431 2526 ἐν
2474 2468 2659 2525 Ἠλίδι
2680 2515 2735 2527 ..
2797 2480 3048 2542 ταμιεῖον

424 2559 667 2621 χρυσοῦν
716 2551 1134 2606 κατεσκεύασαν
1182 2549 1412 2626 Αὐγείᾳ,
1463 2551 1817 2622 Trophonius
1866 2552 2084 2607 scilicet
2132 2554 2191 2605 et
2234 2551 2579 2622 Agamedes,
2628 2551 2725 2620 qui
2770 2552 2877 2605 hoc
2925 2551 3047 2604 loco

426 2649 540 2685 non
574 2631 752 2686 frater
789 2634 977 2686 exstat
1002 2631 1328 2701 Trophonii,
1357 2631 1457 2685 sed
1484 2635 1663 2702 pater,
1692 2649 1790 2687 rex
1812 2631 2133 2702 Stymphali
2161 2630 2456 2701 Arcadiae,
2472 2630 2764 2701 Epicastes
2792 2630 3045 2686 maritus,

427 2711 834 2781 Suppeditatur
886 2714 1078 2765 tamen
1131 2711 1454 2782 Trophonio
1511 2712 1656 2766 alius
1711 2712 1887 2767 frater
1941 2712 2215 2781 Cercyon,
2271 2710 2499 2783 γνήσιος
2550 2711 2873 2765 nominatus
2928 2712 3050 2774 υἱὸς

424 2792 731 2862 Agamedis
779 2794 838 2845 et
882 2790 1200 2860 Epicastes,
1249 2808 1376 2845 cum
1421 2791 1773 2862 Trophonius
1823 2791 2041 2855 σκότιος
2088 2791 2420 2862 cognomine
2457 2791 2621 2859 quasi
2662 2791 2735 2845 ad
2771 2791 3049 2847 infernam

425 2870 546 2925 eius
584 2874 844 2926 naturam
883 2873 1177 2941 spectante
1215 2873 1516 2925 exornatus
1543 2871 1837 2941 Epicastes
1866 2875 2090 2927 tantum
2114 2880 2252 2934 παῖς
2288 2873 2531 2941 vocetur,
2570 2888 2741 2940 quam
2768 2869 2827 2925 in
2855 2873 3049 2926 matri-

425 2951 676 3005 monium
723 2950 946 3005 duxerit
989 2951 1323 3021 Agamedes.
1398 2951 1709 3013 Notissima
1753 2952 1866 3006 fuit
1919 2952 2067 3006 inter
2116 2950 2377 3019 antiquos
2434 2950 2674 3006 historia
2721 2950 2791 3004 de
2838 2953 3049 3022 templo

423 3031 696 3102 Delphico
734 3048 769 3084 a
805 3030 1076 3085 fratribus
1115 3030 1484 3085 exaedificato
1514 3031 1697 3102 (Paus.
1738 3032 1816 3085 IX
1845 3038 1931 3108 37,
1969 3038 2019 3087 5.
2050 3031 2099 3084 X
2130 3037 2180 3098 5,
2212 3037 2295 3086 13.
2352 3032 2555 3087 Strabo
2583 3031 2660 3084 IX
2689 3038 2739 3099 3,
2769 3038 2799 3085 9
2841 3051 2895 3101 p.
2925 3038 3046 3088 421.

429 3111 620 3181 Steph.
660 3112 792 3180 Byz.
832 3129 873 3166 s.
912 3130 962 3167 v,
1001 3109 1233 3180 Δελφοί.
1290 3110 1437 3165 Plut.
1478 3111 1685 3166 consol.
1725 3112 1816 3166 ad.
1848 3112 2032 3182 Apoll.
2075 3118 2142 3165 14
2168 3130 2224 3181 p.
2255 3115 2356 3164 109
2385 3110 2450 3165 A.
2491 3110 2643 3164 idem
2678 3111 2785 3182 frg.
2824 3111 2978 3165 XXII
3018 3117 3047 3164 7

423 3193 464 3246 t.
503 3191 606 3245 VH
641 3209 694 3261 p.
729 3197 857 3260 126,
890 3196 971 3245 11.
1010 3190 1404 3245 Bernardakis.
1458 3190 1567 3246 Cic.
1615 3192 1776 3246 Tusc.
1825 3193 1851 3245 1
1878 3198 1967 3261 47,
2016 3198 2134 3246 114.
2210 3190 2477 3245 Arsenius
2523 3190 2812 3245 Violetum
2857 3211 2912 3262 p.
2941 3196 3048 3244 455

424 3271 602 3326 Walz.
660 3270 824 3325 Plato
882 3270 1115 3324 Axioeh.
1163 3289 1216 3340 p.
1257 3275 1361 3325 367
1403 3270 1443 3324 C
1481 3298 1548 3317 =
1597 3271 1751 3326 Stob.
1811 3271 1999 3327 Floril.
2050 3277 2145 3341 98,
2185 3276 2270 3327 75.
2363 3270 2560 3326 λάϊνον
2606 3272 2781 3327 οὐδὸν
2824 3274 3050 3325 tantum

425 3350 678 3405 fecerunt
735 3351 1040 3405 secundum
1088 3351 1275 3419 hymn.
1325 3350 1548 3406 Homer.
1598 3351 1657 3405 in
1696 3351 1880 3422 Apoll.
1930 3370 1977 3408 v.
2018 3355 2143 3423 296)
2191 3367 2493 3419 eorumque
2550 3354 2730 3405 morte
2775 3351 3049 3405 mercedis

432 3430 555 3484 loco
596 3429 668 3483 ab
706 3430 969 3499 Apolline
1005 3429 1282 3499 praebita,
1322 3431 1529 3500 quippe
1568 3432 1717 3499 quod
1756 3432 2014 3501 optinum
2063 3434 2212 3486 esset
2246 3430 2568 3486 hominibus
2605 3430 2772 3500 (Plut.
2812 3433 3049 3498 utroque

426 3510 551 3564 loco
605 3510 795 3564 eitat0.
870 3509 1138 3563 Arsenius
1188 3509 1225 3563 l.
1275 3525 1320 3562 c.
1374 3509 1538 3563 Plato
1574 3509 1611 3564 1.
1662 3528 1707 3565 e.
1756 3538 1825 3557 =
1874 3512 2027 3567 Stob.
2083 3512 2193 3567 Cic.
2258 3512 2294 3566 l.
2343 3527 2387 3564 c.
2443 3510 2674 3579 Spectat
2723 3527 2840 3564 rem
2890 3511 3051 3564 illam

433 3588 666 3642 Pindari
702 3587 1083 3658 fragmentum
1120 3589 1225 3660 [nr.
1259 3594 1290 3641 2
1330 3588 1539 3660 Christ]
1579 3604 1610 3642 e
1648 3589 1863 3643 scholio
1901 3590 2031 3645 Luc.
2063 3590 2196 3645 dial.
2226 3592 2387 3644 mort.
2411 3595 2443 3642 3
2471 3589 2686 3658 publici
2722 3589 2860 3643 iuris
2896 3591 3049 3645 facto

437 3686 472 3722 a
506 3668 728 3722 Rohdio
765 3668 967 3724 Philol.
1006 3668 1212 3722 XXXV
1249 3687 1303 3738 p.
1338 3673 1635 3724 199-201.
1694 3668 2060 3724 Plutarchum
2098 3673 2157 3724 et
2192 3669 2516 3725 Ciceronem
2554 3685 2620 3722 ex
2657 3669 2857 3723 eodem
2891 3670 3049 3723 fonte

430 3748 723 3820 [Crantore
759 3750 888 3817 περὶ
924 3746 1202 3820 πένθους]
1238 3747 1464 3802 haurire
1513 3749 1751 3804 adnotat
1795 3750 2049 3805 Rohdius
2097 3770 2150 3821 p.
2181 3752 2323 3820 200).
2398 3750 2481 3803 De
2529 3748 2739 3819 templo
2776 3747 3049 3818 Delphico

430 3845 464 3882 a
518 3828 788 3882 fratribus
845 3830 1127 3883 exstructo
1182 3847 1235 3883 v.
1292 3828 1466 3882 etiam
1513 3828 1769 3883 Cosmam
1816 3830 1891 3883 ad
1939 3830 2103 3901 Greg.
2150 3831 2284 3885 Naz.
2334 3847 2501 3885 carm.
2551 3835 2618 3883 64
2655 3831 2694 3882 t.
2737 3835 2805 3882 38
2850 3848 2905 3898 p.
2945 3835 3048 3884 513

428 3908 621 3978 Migne
658 3935 726 3954 =
765 3908 1029 3978 Spicileg.
1067 3908 1302 3962 Roman.
1341 3909 1427 3963 ed.
1466 3909 1610 3979 Ang.
1640 3909 1757 3964 Mai
1795 3913 1836 3964 t.
1874 3910 1926 3964 11
1962 3929 2016 3980 p.
2052 3917 2154 3965 184
2176 3930 2276 3980 sq.,
2313 3909 2412 3963 ubi
2450 3912 2553 3977 est,
2591 3910 2740 3978 quod
2778 3909 3049 3980 corrigas;

428 3987 675 4043 traditur
732 3987 905 4044 enim:
974 3988 1301 4058 ἠξιώθησαν
1358 3987 1421 4041 δὲ
1484 3992 1813 4058 Τροφώνιος
1870 3992 1968 4045 καὶ
2031 3989 2441 4060 Γανυμήδης
2491 3989 2521 4043 ὁ
2571 3990 2817 4059 ἀδελφὸς
2875 3993 3050 4045 αὐτοῦ

430 4069 806 4138 μαντεύεσθαι
845 4067 943 4122 διὰ
978 4069 1042 4122 τὸ
1079 4066 1264 4123 κτίσαι
1303 4069 1508 4131 αὐτοὺς
1541 4070 1604 4124 τὸ
1653 4069 1714 4126 ἐν
1744 4074 1989 4139 Δελφοῖς
2025 4070 2177 4139 ἱερὸν
2205 4078 2303 4123 τοῦ
2326 4066 2661 4133 ’Λπόλλωνος
2686 4070 2800 4125 ἀπὸ
2829 4069 3050 4125 οἰκείων

429 4147 740 4219 χρημάτων.
788 4148 1127 4218 Γανυμήδης
1153 4164 1447 4218 perperam
1477 4148 1748 4219 scriptum
1784 4149 1845 4203 in
1877 4148 2197 4219 Γαμήδης
2224 4147 2649 4218 restituendum,
2688 4166 2835 4218 quae
2871 4150 3053 4204 forma

429 4244 529 4298 per
569 4228 905 4297 aphaeresin
944 4245 1012 4282 ex
1046 4226 1356 4300 Ἀγαμήδης
1391 4231 1479 4282 est
1514 4231 1652 4284 orta.
1685 4229 1753 4285 cf.
1787 4228 2053 4299 Γαμήδης
2089 4227 2291 4298 ἐπόησε
2326 4227 2385 4282 in
2414 4228 2634 4283 duobus
2680 4230 2828 4283 vasis
2865 4229 3050 4283 fictili·

430 4309 537 4362 bus
583 4308 893 4376 Boeoticis,
939 4309 1297 4364 Kretschmer
1352 4307 1572 4364 Griech.
1620 4308 2144 4363 Vaseninschriften
2190 4326 2242 4377 p.
2282 4312 2379 4375 52,
2425 4307 2501 4364 id.
2540 4309 2736 4362 Kuhns
2783 4308 3047 4362 Zeitschr.

443 4393 774 4529 1899’137313.
824 4460 1096 4530 Lycophr.
1146 4466 1282 4514 1052
1306 4478 1449 4529 sqq.:
1515 4459 1698 4516 νόσων
1744 4458 1799 4515 δ’
1852 4460 2087 4530 ἀκεστὴς
2142 4457 2417 4522 Δαυνίοις
2464 4459 2822 4530 κληθήσεται,
2862 4462 2869 4528 Ι
2913 4456 3051 4513 ὅταν

432 4537 891 4608 κατικμαίνοντες
928 4537 1228 4595 Ἀλθαίνου
1275 4538 1434 4611 ῥοαῖς
1474 4542 1482 4612 Ι
1523 4540 1745 4610 ἀρωγὸν
1803 4538 2121 4605 αὐδήσωσιν
2169 4536 2372 4593 Ἠπίου
2427 4537 2598 4609 γόνον
2638 4542 2647 4607 Ι
2688 4540 2904 4592 αὐτοῖσι
2954 4538 3050 4590 καὶ

433 4617 727 4688 ποίμναισι
753 4627 1037 4689 πρευμενῆ
1067 4622 1269 4688 μολεῖν.
1328 4620 1398 4675 cf.
1429 4619 1613 4674 Tzetz.
1645 4621 1719 4673 ad
1746 4619 1782 4674 l.
1815 4620 2051 4673 εἰώθασι
2070 4621 2165 4687 (sc.
2196 4618 2458 4688 Daunii).
2484 4662 2494 4673 .
2518 4662 2528 4673 .
2550 4617 2935 4671 ἀπολούεσθαι
2957 4662 2967 4671 .
2992 4661 3002 4671 .
3028 4660 3039 4671 .

435 4701 535 4754 καὶ
572 4699 963 4755 ἐπικαλεῖσθαι
997 4700 1098 4754 τὸν
1134 4698 1523 4769 Ποδαλείριον.

2554 4786 2623 4840 2*
