3611 5264
1319 315 1402 368 De
1439 315 1799 371 incubatione
1839 316 2164 374 christiana.
2918 321 3045 386 103

433 480 699 565 vulgata
754 502 791 544 a
850 478 1095 545 Basilio
1160 480 1349 545 nobis
1418 480 1815 565 referuntur,
1872 480 2136 545 fluxisse
2196 481 2325 545 iam
2397 483 2732 548 adnotavit
2784 482 3046 568 Lipsius

433 579 555 643 Die
615 579 836 663 apokr.
893 576 1380 664 Apostelgesch.
1428 582 1544 644 etc.
1600 603 1660 664 p.
1698 579 1849 644 432.
1942 578 2082 655 Qua
2135 584 2351 644 tamen
2410 580 2480 643 in
2534 604 2604 645 re
2668 581 3045 666 explicanda

410 676 749 741 ‘Zahnium
805 677 986 762 sequi
1043 676 1208 741 velle
1261 676 1540 761 videtur,
1597 676 1708 760 qui
1766 676 1972 765 (Gatt.
2030 677 2150 761 gel.
2207 676 2365 743 Anz.
2419 679 2608 763 1877,
2637 680 2678 743 2
2737 703 2798 763 p.
2842 678 3042 767 1293)

432 776 590 839 haec
635 777 907 860 profert:
954 776 1116 853 „Die
1163 776 1250 840 im
1299 775 1751 841 lekzakloster
1796 776 1890 841 bei
1936 773 2213 841 Seleucia
2257 777 2330 841 in
2365 776 2835 860 Ermanqeluny
2880 779 3045 844 eines

433 874 794 939 ostensiblen
844 871 1054 939 Grabs
1097 876 1207 938 der
1245 872 1537 955 Heiliyen
1581 873 1898 939 erdichtetc
1932 873 2129 938 Fabez
2173 895 2292 939 von
2326 875 2525 939 ihrem
2573 874 3046 941 Verschwinden

432 973 524 1036 im
569 973 849 1054 dortiyen
893 971 1143 1051 Felsen‚
1189 972 1407 1037 welche
1448 992 1563 1036 zur
1616 972 1758 1036 Zeit
1797 972 1972 1053 jenes
2030 971 2320 1038 Basilius
2372 993 2498 1037 nur
2551 978 2676 1038 erst
2726 974 3046 1038 miindlich

431 1070 689 1152 umliefl‘
727 1092 777 1134 e.
818 1091 874 1152 q.
914 1092 961 1134 s.
1034 1069 1173 1135 Nos
1211 1091 1363 1134 vero
1404 1091 1549 1133 cum
1587 1068 1892 1134 Theclam
1931 1070 2258 1135 daemonis
2287 1070 2590 1135 -chthonii
2628 1092 2764 1135 esse
2803 1092 3047 1135 succes-

435 1190 646 1233 sorem
694 1168 1117 1232 christianum
1165 1167 1686 1253 cognoverimus,
1734 1191 1863 1232 non
1910 1167 2291 1233 mirabimur
2347 1168 2521 1252 quod
2576 1169 2798 1233 eodem
2853 1169 3043 1233 modo

435 1266 711 1330 moritur
759 1270 979 1330 sancta
1033 1266 1145 1330 illa
1205 1264 1307 1330 vel
1366 1265 1585 1350 potius
1641 1269 2008 1331 removetur
2069 1266 2185 1330 sub
2242 1269 2508 1352 terram,
2564 1288 2691 1350 quo
2752 1266 3046 1331 chthonii

435 1364 821 1429 Graecorum
883 1365 986 1429 dei
1045 1365 1115 1428 in
1172 1364 1468 1429 homines
1524 1364 1815 1429 conversi
1869 1365 2040 1449 apud
2099 1365 2315 1448 epicos
2377 1363 2762 1430 Graecorum
2821 1368 3045 1451 poetas

432 1467 707 1527 mortem
755 1465 1071 1548 oppetunt
1116 1461 1220 1526 vel
1267 1463 1484 1546 potius
1533 1462 1612 1526 ad
1659 1467 1915 1528 aeterne
1960 1462 2306 1528 vivendum
2362 1468 2570 1527 terrae
2611 1464 2902 1527 ,subeunt
2949 1485 3047 1526 ca-

433 1583 679 1627 vernas.
768 1560 896 1626 Pro
945 1561 1169 1626 multis
1219 1560 1295 1625 de
1342 1558 1739 1645 Amphiarao
1795 1564 2051 1626 tantum
2104 1559 2415 1625 nonnulla
2471 1561 2758 1625 afferam:
2813 1570 2896 1644 γῆ
2945 1560 3047 1625 λε’-

433 1684 614 1744 γεται
653 1661 1050 1744 διασχεῖν,
1080 1659 1169 1735 ὡς
1196 1659 1622 1742 μαντεύοιτο.
1647 1710 1659 1723 .
1683 1712 1695 1724 .
1724 1657 1833 1725 καὶ
1863 1659 2187 1742 ἄληθεύοι
2215 1658 2521 1723 Philostr.
2550 1656 2790 1743 imagI
2810 1659 2913 1722 27.
2950 1683 3048 1723 κε-

435 1755 1187 1844 ραυνωθεὶς..κατε’δυ
1218 1809 1264 1820 ..
1296 1755 1369 1821 ἐν
1407 1765 1498 1844 τῷ
1526 1755 1804 1845 Ὠρωπῷ
1848 1756 2044 1822 schol.
2081 1755 2623 1821 Pind.01.V121.
2663 1758 3048 1821 διαστᾶσα

432 1854 584 1940 ἡγὴ
626 1855 886 1935 ἐδέξατο
923 1908 936 1921 .
967 1908 981 1920 .
1011 1855 1086 1920 ἐν
1114 1853 1389 1943 Ὠρωπῷ
1429 1855 1514 1919 ib.
1557 1856 1656 1919 18.
1731 1853 1986 1938 λέγεται
2017 1907 2029 1918 .
2063 1904 2076 1918 .
2106 1855 2428 1938 φεύγοντι
2477 1854 2546 1919 ἐκ
2589 1858 2832 1938 Θηβῶν
2873 1856 3046 1919 δια-

434 1962 709 2037 στῆναι
775 1955 897 2037 τὴν
959 1962 1104 2037 γῆν
1168 1953 1356 2017 PauS.
1407 1951 1439 2017 I
1484 1952 1589 2038 34,
1628 1953 1687 2017 2.
1776 1951 2038 2030 ἐδέξατο
2113 1951 2439 2037 ραγεῖσα
2524 1956 2782 2036 Θηβαία
2861 1956 3048 2029 κόνις

437 2051 735 2136 Sophocl.
783 2074 882 2136 ap.
923 2050 1131 2117 Strab.
1169 2050 1264 2115 IX
1307 2052 1361 2135 l,
1390 2051 1476 2115 22
1517 2075 1577 2136 p.
1607 2050 1754 2116 399.
1812 2052 1951 2127 δὺς
2005 2052 2168 2115 κατὰ
2225 2050 2394 2135 [τῆς]
2449 2059 2570 2134 γῆς
2615 2048 2882 2115 Aristid.
2911 2054 2956 2115 t.
2984 2049 3049 2114 II

433 2173 493 2234 p.
516 2150 619 2234 88,
639 2150 725 2214 29
755 2149 934 2235 Keil3
970 2148 1074 2214 vel
1101 2151 1225 2214 hoc
1262 2150 1338 2214 de
1376 2148 1776 2234 Trophonio:
1816 2152 2142 2233 σπήλαιον
2174 2200 2186 2213 .
2218 2199 2230 2211 .
2260 2148 2632 2213 ὑπελθών
2669 2148 2867 2214 schol.
2896 2147 3046 2213 Luc.

434 2247 577 2312 dial.
608 2252 795 2312 mort.
826 2249 867 2312 3
895 2247 943 2312 Ι.
1018 2247 1194 2324 Quae
1223 2270 1369 2312 cum
1396 2249 1686 2313 conferas
1724 2270 1870 2311 cum
1898 2245 2128 2310 Basilii
2163 2245 2549 2329 narratione,
2586 2268 2798 2310 nonne
2842 2245 3049 2310 elucet

437 2345 925 2411 similitudinem
991 2346 1199 2410 inesse
1262 2346 1653 2409 maximam?
1741 2345 1968 2430 Itaque
2024 2348 2310 2409 sanctam
2373 2342 2679 2407 Theclam
2733 2348 3046 2407 remotam

432 2448 822 2528 putaverunt
869 2445 987 2507 sub
1034 2447 1290 2528 terram,
1336 2443 1450 2507 ubi
1494 2444 1741 2507 viveret
1785 2446 1978 2525 atque
2016 2442 2376 2506 curationes
2414 2440 2764 2525 praeberet.
2830 2440 3046 2524 Atque

434 2543 600 2606 sicut
648 2542 1103 2605 chthoniorum
1150 2541 1415 2605 deorum
1452 2544 1708 2605 antrum
1748 2540 1933 2624 quasi
1972 2538 2371 2604 domicilium
2409 2561 2629 2604 eorum
2672 2539 3046 2625 habebatur,

433 2640 546 2705 ubi
591 2644 1020 2725 versarentur,
1064 2662 1330 2724 prorsus
1377 2640 1599 2704 eodem
1644 2640 1837 2704 modo
1884 2637 2122 2704 Thecla
2177 2639 2247 2702 in
2301 2642 2486 2703 antro
2545 2639 2822 2722 quodam
2868 2639 3048 2703 habi-

431 2744 569 2806 tare
625 2738 1017 2803 credebatur.
1078 2739 1155 2802 cf.
1206 2738 1320 2824 21,
1353 2738 1506 2802 196:
1564 2749 1693 2814 πᾶς
1750 2746 1922 2820 γοῦν
1981 2736 2017 2802 ὁ
2079 2739 2173 2813 εἰς
2231 2737 2404 2802 νεὼν
2461 2738 2751 2818 βαδίζων
2808 2759 2878 2800 τε
2936 2735 3046 2802 καὶ

434 2838 788 2922 εὐχόμενος
835 2835 1081 2911 εὐθὺς
1126 2833 1235 2901 καὶ
1284 2834 1381 2900 ἐπ’
1439 2835 1651 2900 ἐκεῖνο
1698 2833 1957 2920 τρέχει
2015 2836 2088 2899 τὸ
2137 2838 2461 2921 ἄντρον,
2518 2836 2607 2910 ὡς
2652 2833 2737 2900 ἂν
2782 2833 2891 2900 καὶ
2938 2834 3053 2900 ἐπί

431 2960 581 3001 τινα
627 2935 1154 3000 κοιτωνίσκον
1201 2934 1438 2999 λοιπὸν
1481 2931 1591 2997 καὶ
1636 2933 2003 3017 θάλαμον
2048 2935 2285 2998 ἔνδον
2341 2935 2619 3017 ἔχοντα
2671 2933 2813 3016 τὴν
2855 2954 3046 3018 παρ-

430 3033 693 3099 θένον.
758 3029 923 3116 φασὶ
988 3035 1106 3096 καί
1162 3057 1338 3109 τινες
1400 3033 1489 3096 τὰ
1562 3035 1889 3096 πλεῖστα
1952 3028 2062 3096 καὶ
2136 3029 2219 3095 ἐν
2283 3031 2531 3119 τούτῳ
2599 3032 3048 3117 διατρίβειν

433 3128 763 3217 αὐτήνῑ).
855 3129 1103 3206 Quibus
1150 3130 1429 3215 cognitis
1477 3129 1652 3193 illius
1710 3150 1963 3213 quoque
2017 3128 2320 3212 martyris
2376 3128 2763 3193 christianae
2814 3132 3048 3192 natura

434 3233 872 3313 quantumque
920 3251 957 3291 a
1001 3233 1292 3293 veterum
1346 3250 1747 3313 paganorum
1807 3225 2309 3313 cogitationibus
2364 3227 2639 3310 pendeat
2693 3227 2849 3290 satis
2905 3249 3046 3310 per-

433 3327 717 3411 spicitur.
809 3325 979 3389 Illud
1041 3329 1327 3411 tantum,
1393 3324 1565 3409 quod
1623 3325 1795 3388 haud
1855 3325 2038 3408 parvi
2096 3325 2351 3389 videtur
2408 3324 2746 3409 momenti,
2815 3325 3047 3389 acriter

433 3424 629 3489 velim
696 3423 1089 3488 attendatur:
1146 3423 1362 3488 omnia
1419 3447 1458 3487 a
1512 3422 1757 3488 Basilio
1823 3422 2024 3486 relata
2075 3443 2209 3487 non
2269 3421 2508 3486 litteris
2571 3422 2695 3486 niti
2760 3422 2869 3486 sed
2932 3444 3048 3506 per

433 3522 646 3607 ipsum
706 3521 970 3606 vulgata
1027 3522 1227 3587 fuisse
1285 3522 1624 3607 populum,
1680 3522 1791 3604 qui
1848 3521 1915 3584 in
1976 3520 2290 3585 eiusmodi
2348 3521 2539 3585 rebus
2593 3519 2846 3584 fidelius
2901 3541 3047 3585 con-

432 3624 644 3685 servat
690 3620 972 3703 antiqua.

1468 3778 1529 3844 5.
1585 3778 2005 3864 Therapon.

615 3896 925 3973 Quintum
1000 3897 1451 3982 subiungimus
1525 3896 1752 3960 ceteris
1829 3895 2067 3960 sanctis
2141 3895 2644 3979 Therapontem,
2715 3895 3045 3961 hominem

431 4015 671 4059 novum
719 3998 911 4078 atque
958 3996 1064 4080 iis,
1121 3995 1233 4080 qui
1293 3994 1370 4057 de
1429 3994 1839 4059 incubatione
1895 3997 2166 4080 egerunt
2218 4015 2481 4078 prorsus
2540 3994 2854 4079 ignotum.
2946 3995 3045 4060 De

431 4093 567 4158 vita
615 4092 750 4156 eius
795 4114 927 4157 non
970 4092 1098 4158 nisi
1142 4114 1346 4179 pauca
1392 4095 1691 4158 constant
1702 4090 1782 4179 2),
1829 4113 2216 4175 quamquam
2272 4091 2546 4156 encomii
2601 4096 2824 4157 auctor
2868 4116 3046 4178 prae-

432 4190 724 4256 tereundi
772 4192 980 4256 forma
1034 4214 1188 4257 usus
1242 4190 1520 4276 patriam
1577 4212 1777 4277 genus
1833 4191 2004 4254 facta
2057 4190 2250 4255 huius
2305 4190 2608 4273 martyris
2663 4191 2819 4255 adeo
2876 4192 3046 4256 inter

613 4387 665 4457 1)
704 4383 826 4450 Qua
860 4401 987 4438 cum
1023 4399 1082 4439 re
1123 4384 1313 4454 aliquo
1340 4385 1508 4439 modo
1537 4383 1835 4439 cohaerere
1864 4382 2136 4452 videntur,
2168 4399 2314 4452 quae
2342 4383 2412 4438 de
2440 4382 2570 4437 viva
2598 4383 2783 4438 adhuc
2810 4400 3041 4437 narran-

433 4469 526 4521 tur
563 4465 798 4534 Thecla,
844 4464 904 4519 in
942 4467 1104 4520 antro
1151 4465 1367 4520 scilicet
1412 4483 1536 4520 eam
1582 4464 1873 4519 habitasse
1917 4480 2093 4534 prope
2140 4463 2476 4534 Seleuciam,
2515 4483 2563 4518 v.
2602 4464 2748 4518 Acta
2782 4461 2946 4516 Pauli
2985 4465 3044 4517 et

432 4547 673 4602 Theclae
703 4546 822 4601 cod.
854 4546 913 4598 M
940 4563 993 4614 p.
1017 4550 1227 4617 269s70.
1266 4547 1423 4601 ABG
1460 4565 1513 4616 p.
1546 4550 1665 4599 270.
1694 4544 1770 4599 ib.
1803 4562 1849 4600 c.
1871 4549 1957 4613 45,
1977 4549 2058 4598 10.
2099 4542 2219 4614 Gp.
2242 4549 2362 4600 271.
2404 4543 2538 4599 Sim.
2560 4542 2837 4611 Metaphr.
2858 4561 2912 4611 p.
2936 4548 3041 4597 284

611 4630 663 4697 2)
699 4645 747 4681 v.
798 4625 1063 4695 anonymi
1117 4626 1432 4680 encomium
1483 4625 1545 4681 in
1609 4624 1790 4680 sancti
1843 4623 2266 4694 hieromartyris
2322 4622 2695 4696 Therapontis
2768 4620 3042 4681 miracula

431 4726 485 4777 p.
519 4711 617 4761 111
641 4724 758 4776 sqq.
799 4723 834 4762 a
867 4705 1033 4761 nobis
1070 4704 1299 4761 editum.
