3611 5264
1283 341 1367 396 De
1402 341 1763 397 incubatione
1801 343 2124 398 christiana.
2925 347 3011 412 69

573 503 673 568 De
731 503 963 570 Cosma
1016 505 1461 590 Damianoque
1520 505 1825 572 Asiaticis
1887 511 1952 572 et
2009 507 2319 573 Romanis
2378 531 2583 594 pauca
2639 511 2828 575 nobis
2887 515 3013 575 tra-

399 604 640 668 duntur
687 626 849 687 quae
894 604 1023 668 huc
1068 607 1387 690 spectant3
1432 603 1807 669 brevissime
1855 628 1929 670 ea
1972 606 2459 690 perlustremus:

577 699 930 766 Asiatici.
995 702 1233 767 Medici
1278 707 1484 767 erant:
1530 704 1741 787 πάσης
1788 700 1862 768 δὲ
1911 703 2266 789 ἐπιστήμης
2303 702 2379 769 ἐν
2422 708 2618 792 πείρᾳ
2663 709 3010 791 γενόμενοι

393 810 536 877 ταῖς
582 805 843 876 λοιπαῖς
888 802 1145 885 χαίρειν
1190 802 1485 878 εἰπόντες
1530 802 1654 885 τὴν
1701 802 1999 887 ἰατρείαν
2033 813 2169 866 τῶν
2204 813 2440 887 ψυχῶν
2475 802 2585 868 καὶ
2622 813 2758 868 τῶν
2796 806 3011 888 σωμά-

393 921 528 962 των
571 897 973 980 ἠσπάσαντο.
1019 900 1506 983 θεραπεύοντες
1552 912 1774 964 πᾶσαν
1818 901 2024 965 νόσον
2077 899 2188 965 καὶ
2242 908 2461 966 πᾶσαν
2513 904 2843 985 μαλακίαν
2899 900 3010 968 καὶ

394 995 516 1060 οὐκ
562 995 951 1082 ἀνθρώποις
995 998 1208 1080 μόνον
1246 995 1753 1083 ἐπικουροῦντες
1798 997 1968 1063 ἀλλὰ
2006 996 2116 1062 καὶ
2153 1002 2417 1083 κτήνεσι
2455 998 2734 1085 Wangn.
2772 1023 2833 1083 p.
2862 1001 3008 1085 4sq.

394 1091 454 1156 A
501 1097 722 1158 sancto
771 1092 1018 1177 Spiritu
1066 1093 1400 1160 scientiam
1446 1117 1627 1160 suam
1674 1095 2059 1161 didicerunt:
2108 1095 2560 1180 ἐδιδάχθησαν
2606 1121 2675 1162 τε
2719 1097 2853 1162 ὑπὸ
2889 1107 3009 1163 τοῦ

395 1191 593 1274 ἁγίου
622 1192 995 1276 πνεύματος
1020 1193 1145 1275 τὴν
1174 1194 1475 1278 ἰατρικὴν
1512 1191 1875 1277 ἐπιστήμην
1911 1193 2015 1257 W.
2062 1217 2124 1278 p.
2155 1195 2194 1259 6
2217 1216 2335 1278 sq.3
2374 1194 2453 1259 cf.
2482 1217 2543 1278 p.
2572 1194 2676 1259 24.
2742 1194 3010 1279 Templa

396 1312 617 1354 eorum
644 1289 891 1373 repleta
932 1294 1115 1355 erant
1152 1291 1661 1376 aegrotantibus:
1698 1289 1809 1356 καὶ
1846 1292 2106 1357 τούτων
2141 1292 2213 1356 οἱ
2245 1290 2471 1357 σεπτοὶ
2508 1291 2662 1357 ναοὶ
2702 1295 3009 1379 ἰατρεῖα

394 1390 831 1453 καθίστανται
888 1387 1260 1454 ἄκεσώδινα
1316 1438 1331 1453 .
1392 1439 1407 1453 .
1464 1438 1480 1453 .
1534 1388 1776 1465 πάντες
1831 1390 1958 1474 γὰρ
2006 1438 2021 1453 .
2069 1439 2083 1453 .
2134 1440 2146 1454 .
2199 1391 2591 1455 νοσούντων
2641 1389 2750 1456 καὶ
2807 1398 3008 1476 1θερα-

392 1485 780 1569 πευομένων
825 1485 1114 1572 ὁρῶνται
1160 1488 1580 1553 κατάπλεοι
1636 1487 1742 1551 W.
1782 1487 1885 1550 94.
1978 1485 2292 1551 Omnibus
2348 1488 2719 1553 hominibus
2774 1510 3008 1574 magna

393 1606 539 1649 cum
585 1583 1022 1649 misericordia
1066 1585 1480 1649 adstiterunt:
1525 1583 1674 1671 παρ’
1726 1583 2025 1662 ἑκάστοις
2061 1586 2188 1670 γὰρ
2237 1584 2705 1669 ἐφίστανται
2753 1604 3006 1669 συμπα-

391 1679 682 1747 θέστατα
727 1681 833 1747 W.
873 1682 975 1747 90.
1049 1680 1393 1767 Agricolae
1441 1683 1693 1747 cuidam
1739 1682 1927 1768 vigili
1965 1687 2425 1766 apparuerunt:
2471 1684 3008 1768 παραστάντες

394 1779 599 1864 ὕπαρ
643 1787 736 1866 τῷ
784 1788 1056 1867 γεωργῷ
1103 1779 1208 1843 W.
1248 1779 1351 1844 60.

572 1877 912 1941 Romani.
986 1877 1222 1942 Medici
1270 1882 1476 1942 erant:
1535 1875 1790 1959 ἰατροὶ
1848 1878 1975 1962 γὰρ
2030 1877 2438 1961 ὑπάρχοντες
2490 1886 2571 1963 τῇ
2624 1876 2819 1964 τέχνῃ
2867 1928 2881 1942 .
2930 1928 2945 1943 .
2991 1928 3006 1943 .

392 1969 523 2039 εἶτε
561 1969 687 2039 οὖν
724 1973 821 2039 ἐπ’
878 1972 1302 2060 ἀνθρώπους,
1349 1970 1480 2041 εἴτε
1525 1973 1634 2040 ἐπὶ
1672 1977 1882 2057 ἄλογα
1927 1979 2058 2054 ζῶα
2104 1974 2531 2040 ἐπετίθουν
2558 2024 2574 2041 .
2614 2026 2627 2040 .
2657 2024 2672 2039 .
2699 1977 2814 2052 τὰς
2859 1974 3008 2041 ἑαυ-

395 2083 530 2137 τῶν
585 2083 806 2158 χεῖρας
859 2072 964 2137 W.
1010 2095 1069 2157 p.
1109 2073 1257 2138 230.
1312 2068 1483 2156 ἦσαν
1537 2074 1664 2159 γὰρ
1723 2071 1982 2159 ἰατροὶ
2037 2074 2161 2156 τὴν
2222 2072 2588 2157 ἐπιστήμην
2659 2072 2871 2138 Μ3131.
2925 2074 3007 2138 12

390 2193 451 2253 p.
473 2169 621 2252 304,
649 2171 730 2235 15
770 2170 863 2234 ed.
891 2170 1098 2236 Bonn.
1171 2170 1324 2237 Vivi
1363 2172 1558 2235 etiam
1598 2169 1901 2235 Carinum
1939 2172 2391 2255 imperatorem
2431 2175 2840 2236 curaverunt:
2878 2173 3009 2237 εἰσ-

390 2265 773 2352 ηνέχθησαν
812 2268 884 2333 οἱ
915 2269 1096 2351 ἅγιοι
1131 2277 1224 2355 τῷ
1264 2273 1524 2352 βασιλεῖ
1560 2268 1642 2334 ἐν
1686 2267 1912 2334 νυκτὶ
1951 2267 2062 2333 καὶ
2101 2267 2292 2333 αὐτοὶ
2332 2269 2604 2334 ἰάσαντο
2653 2267 2857 2333 αὐτὸν
2896 2271 3008 2334 διὰ

393 2374 508 2447 τῆς
547 2366 720 2442 ἰδίας
755 2374 1128 2451 προσευχῆς
1164 2365 1377 2430 Μ3131.
1408 2366 1558 2450 305,
1583 2368 1681 2431 12.
1754 2366 2092 2432 Nocturna
2128 2365 2243 2429 illa
2277 2365 2565 2430 visitatio
2605 2388 2639 2429 e
2674 2368 3006 2431 nocturnis

393 2467 749 2546 martyrum
794 2462 1151 2550 visionibus
1213 2467 1309 2528 est
1371 2464 1674 2547 derivata,
1734 2485 2032 2547 quarum,
2080 2463 2253 2547 quod
2300 2463 2559 2546 quidem
2605 2463 2687 2527 ad
2731 2463 3005 2528 Romam

390 2562 642 2645 attinet,
662 2561 1106 2626 testimonium
1146 2565 1355 2627 exstat
1384 2562 1454 2627 in
1489 2560 1673 2627 Actis
1711 2565 1908 2627 sanct.
1938 2562 1979 2626 l.
2009 2583 2055 2625 s.
2076 2585 2136 2646 p.
2157 2561 2307 2645 461,
2350 2561 2474 2624 187
2487 2585 2502 2625 ε
2537 2563 2648 2646 „in
2682 2562 2799 2626 hae
2832 2563 3007 2627 ecele-

387 2661 489 2724 sia
509 2656 855 2746 (Romana)
884 2661 1144 2741 quidam
1180 2662 1279 2724 vir
1313 2666 1563 2727 sanetus
1599 2662 1783 2726 dietis
1816 2661 2196 2743 martyribus
2230 2661 2542 2744 serviebat,
2580 2662 2680 2725 cui
2706 2662 2839 2724 iam
2866 2683 3008 2726 erus

389 2763 580 2823 totum
626 2763 1090 2839 consumpserat
1130 2778 1349 2823 cancer
1392 2778 1605 2823 umam.
1651 2764 1710 2823 et
1751 2778 1878 2823 ecee
1911 2759 2247 2823 dormiente
2280 2758 2391 2822 illo
2426 2759 2629 2823 saneti
2660 2755 2917 2824 Cosmas
2951 2765 3010 2823 et

387 2855 755 2920 Damianus
790 2861 1311 2937 apparuerunt
1350 2861 1665 2939 unquenta
1690 2861 1751 2920 et
1777 2858 2163 2938 ferramenta
2188 2876 2390 2920 seeum
2413 2854 2711 2937 ferentes“
2740 2877 2791 2919 e.
2813 2878 2872 2939 q.
2893 2878 2939 2920 s.
2954 2854 3004 2942 1)

563 2951 639 3016 Id
687 2952 859 3035 quod
905 2953 1033 3017 iam
1082 2976 1160 3017 ex
1205 2954 1306 3018 his
1354 2976 1517 3037 quae
1562 2953 1754 3019 modo
1801 2953 2192 3037 protulimus
2240 2952 2472 3017 elucet:
2519 2953 2588 3017 in
2627 2951 2894 3018 Cosmae
2940 2958 3006 3017 et

389 3049 692 3114 Damiani
740 3050 934 3114 sacris
991 3050 1472 3116 incubationem
1526 3051 1834 3115 usitatam
1889 3051 2115 3135 fuisse,
2170 3051 2365 3116 etiam
2420 3050 2628 3136 magis
2684 3051 3005 3136 clarescet,

390 3169 536 3211 cum
583 3147 760 3212 illius
807 3153 1174 3215 sanctorum
1221 3149 1393 3234 paris
1441 3148 1750 3214 miracula
1802 3149 2363 3233 perlustrabimus‚
2412 3149 2585 3233 quod
2641 3172 2718 3214 ex
2764 3147 3006 3214 Arabia

392 3244 709 3330 originem
758 3246 1014 3312 duxisse
1059 3247 1424 3332 putabatur.
1518 3246 1693 3324 Quae
1738 3270 1911 3313 nunc
1956 3248 2258 3313 adeamus
2271 3245 2350 3334 ²):

387 3443 604 3497 d’autre
639 3442 851 3513 oriqine
887 3457 988 3511 que
1016 3441 1134 3495 leur
1169 3442 1493 3510 apparition
1528 3458 1645 3495 aux
1679 3442 1980 3496 malades.“
2014 3472 2084 3482 —-
2120 3440 2460 3495 Machaones
2489 3440 2669 3495 nostri
2707 3440 3003 3495 nominan-

391 3525 484 3577 tur
521 3539 592 3576 88.
633 3521 860 3576 Cosmas
900 3522 958 3574 et
991 3518 1300 3574 Damianus
1337 3519 1460 3575 Act.
1501 3523 1675 3575 sanct.
1708 3524 1847 3591 sept.
1878 3524 1918 3575 t.
1950 3520 2052 3574 VH
2079 3539 2132 3590 p.
2163 3526 2285 3589 454,
2337 3526 2455 3575 143.
2499 3552 2567 3560 ——-
2615 3521 2832 3586 „Unter
2858 3521 3005 3574 allen

390 3603 733 3658 christlichem
768 3590 975 3656 Areten
1011 3600 1104 3655 des
1138 3601 1467 3655 kirchlichen
1502 3601 1803 3656 Altertums
1847 3602 1977 3656 sind
2022 3602 2112 3655 die
2157 3600 2381 3655 Briider
2428 3600 2484 3655 G.
2523 3600 2644 3655 und
2679 3600 2754 3655 D.
2796 3600 2884 3654 die
2921 3601 3001 3655 be-

390 3684 774 3750 kanntesten“,
824 3679 1092 3735 Harnack
1142 3679 1574 3738 Medicinisches
1627 3697 1726 3734 aus
1775 3680 1876 3734 der
1921 3680 2167 3734 altesten
2212 3678 2786 3750 Kirchengeschichte
2830 3698 2884 3749 p.
2918 3686 3000 3734 12.

392 3762 600 3818 Medici
629 3762 729 3832 qui
757 3780 793 3817 a
820 3762 1022 3817 Cosma
1047 3776 1251 3815 nomen
1289 3760 1571 3815 duxerunt
1596 3761 1764 3816 Inscr.
1805 3760 1870 3815 G.
1903 3760 1955 3815 S.
1998 3763 2057 3815 et
2092 3760 2132 3815 I.
2166 3765 2319 3815 1788.
2360 3765 2518 3830 2406,
2549 3765 2597 3813 3.
2637 3759 2707 3813 cf.
2736 3759 3003 3813 Harnack

389 3860 442 3911 p.
477 3848 560 3912 13,
590 3850 640 3897 2.

577 3926 628 3992 1)
665 3922 929 3991 Sequitur
983 3937 1139 3976 mera
1201 3920 1423 3990 fabula,
1488 3921 1558 3974 de
1624 3937 1736 3989 qua
1810 3922 2062 3976 actorum
2126 3935 2350 3988 quoque
2415 3919 2659 3974 editores
2724 3920 3004 3975 adnotant

389 4005 462 4071 (p.
489 4006 610 4070 462,
628 4004 777 4072 188):
815 4003 1151 4071 „difficulter
1183 4002 1402 4057 credent
1437 4001 1618 4057 critici
1651 4001 1818 4056 etiam
1853 4001 2174 4057 moderati.“
2229 3998 2526 4068 Quousque
2553 4015 2712 4054 mens
2742 3999 3003 4055 aberrare

388 4079 654 4149 potuerit,
692 4080 1021 4151 intellegere
1056 4080 1194 4135 licet
1229 4097 1260 4134 e
1300 4085 1401 4134 189
1423 4098 1503 4148 8(1.
1541 4079 1825 4149 inspectis.

569 4162 621 4230 2)
658 4161 947 4231 Leguntur
980 4160 1254 4216 miracula
1304 4161 1537 4216 Cosmae
1584 4163 1642 4214 et
1685 4159 1950 4214 Damiani
1996 4160 2247 4214 Arabum
2293 4161 2442 4230 apud
2487 4160 3002 4232 Wangnereckium

388 4260 443 4311 p.
476 4246 757 4295 302—542
797 4256 828 4294 e
866 4240 1056 4295 codice
1092 4240 1372 4296 Vaticano
1411 4240 1583 4295 edita.
1660 4239 2005 4305 Quibuscum
2047 4239 2293 4293 maxima
2338 4242 2599 4312 congruit
2644 4258 2834 4297 eorum
2870 4260 3000 4312 pars

391 4320 803 4389 miraculorum,
841 4336 987 4389 quae
1024 4320 1294 4376 exhibent
1329 4322 1452 4376 Act.
1484 4323 1658 4375 sanct.
1691 4323 1831 4390 sept.
1869 4323 1909 4376 t.
1948 4319 2076 4389 V11;
2113 4336 2297 4390 pauca
2323 4320 2456 4375 hinc
2485 4322 2775 4378 accedunt.
2834 4324 3000 4376 Prae—

388 4405 547 4456 terea
590 4400 733 4455 mihi
779 4403 866 4455 est
912 4400 1016 4455 sub
1068 4401 1332 4456 manibus
1377 4400 1798 4470 miraculorum,
1856 4416 2002 4468 quae
2051 4399 2111 4453 in
2157 4400 2350 4456 codice
2395 4401 2822 4457 Vindobonensi
2866 4401 2996 4455 hist.

391 4499 472 4552 gr.
500 4480 552 4535 V
587 4480 745 4551 (olim
780 4481 929 4550 XIX)
967 4483 1099 4536 sunt
1125 4484 1363 4551 servata,
1401 4480 1701 4551 exemplar,
1729 4480 1883 4549 quod
1918 4479 2153 4535 Useneri
2191 4480 2290 4549 qui
2325 4481 2447 4552 ipse
2487 4482 2784 4553 descripsit
2820 4481 2997 4535 debeo

389 4560 748 4631 benignitati.
838 4561 1037 4616 Insunt
1091 4562 1144 4631 1)
1193 4561 1315 4616 mir.
1360 4568 1429 4616 20
1481 4578 1607 4616 cum
1650 4560 1937 4631 prooemio
1983 4578 2036 4630 p.
2067 4566 2350 4616 452—462
2395 4562 2484 4617 W.
2567 4565 2621 4632 2)
2667 4561 2998 4615 miraculum

396 4658 595 4710 unum,
634 4640 787 4710 quod
838 4641 999 4696 deest
1062 4642 1214 4710 apud
1267 4639 1781 4712 Wangnereckium
1835 4639 2105 4708 cuiusque
2160 4640 2312 4696 initii
2367 4641 2677 4696 versionem
2735 4639 2995 4696 Latinam

398 4719 706 4776 Reinoldus
742 4720 995 4776 Dehnius
1030 4720 1093 4776 in
1126 4719 1278 4776 notis
1317 4722 1391 4776 ad
1428 4721 1483 4777 C.
1524 4725 1581 4777 et
1615 4721 1682 4777 D.
1720 4720 1994 4776 miracula
2029 4739 2082 4793 p.
2113 4720 2343 4776 XXXIII
2363 4738 2443 4791 sq.
2484 4738 2610 4776 cum
2646 4719 2810 4776 nobis
2848 4737 2996 4775 com-
