3611 5264
518 333 600 395 76
1650 331 1834 401 Caput
1869 331 1961 385 IV.

514 494 1020 581 ἀμελήσωμεν
1064 497 1253 562 κατὰ
1292 496 1634 581 δύναμιν
1668 505 1808 562 τοῦ
1846 495 2311 582 συντρέχειν
2349 496 2471 562 ἐπὶ
2507 499 2649 581 τὴν
2682 504 3131 582 κοινωφελῆ

515 596 805 677 ταύτην
852 594 1109 660 αὐτῶν
1154 597 1449 678 σκηνήν
1494 600 1627 660 κτλ.

694 691 818 756 Per
880 692 1357 757 incubationem
1434 692 1635 778 igitur
1699 690 1962 758 Cosmas
2032 697 2096 757 et
2167 693 2520 758 Damianus
2584 693 2968 759 Machaones
3034 696 3129 759 illi

514 788 847 855 christiani
912 790 1220 855 curabant
1284 790 1589 856 infirmos.
1681 790 2088 877 Paganorum
2146 813 2357 856 mores
2419 792 2671 875 excepit
2734 796 2928 876 atque
2983 815 3129 860 con-

512 888 788 953 tinuavit
835 887 1101 953 ecclesia
1146 888 1517 953 christiana:
1565 888 2019 973 inquirendum
2066 889 2335 972 videtur,
2380 912 2538 954 num
2584 890 2751 955 forte
2806 913 2923 974 par
2968 891 3129 956 illud

514 1008 975 1071 anargyrorum
1004 986 1106 1051 dei
1133 987 1235 1052 vel
1264 988 1528 1051 deorum
1568 988 1969 1070 quorundam
1999 986 2384 1052 Graecorum
2422 987 2625 1052 cultui
2664 989 3129 1054 adnectendum

514 1085 617 1168 sit,
665 1084 731 1148 id
780 1085 952 1168 quod
999 1086 1075 1149 de
1124 1083 1466 1150 Sosthenio
1516 1085 1864 1150 declaravit
1910 1086 2155 1171 Maury.

701 1181 1013 1247 Credebat
1059 1183 1228 1247 idem
1266 1182 1366 1248 vir
1403 1181 1695 1271 doetus1)
1735 1183 2095 1250 curationes
2127 1183 2393 1249 Cosmae
2425 1188 2488 1248 et
2526 1184 2853 1269 Damiani,
2893 1187 3131 1271 quippe

518 1281 627 1365 qui
686 1279 883 1366 Aegis
934 1279 1193 1345 Ciliciae
1248 1283 1522 1346 mortem
1570 1282 1997 1365 oppetissent‚
2055 1304 2201 1347 cum
2247 1280 2616 1367 Aesculapii
2672 1282 2889 1366 aliquo
2936 1286 3128 1349 modo

514 1379 990 1464 coniungendas
1006 1401 1141 1444 esse
1158 1378 1354 1463 cultu,
1384 1378 1493 1462 qui
1524 1380 1747 1443 eodem
1776 1379 1920 1444 loco
1951 1380 2136 1444 valde
2163 1380 2436 1445 florebat
2447 1379 2515 1467 2).
2556 1379 2761 1457 Quam
2788 1405 2924 1446 rem
2943 1381 3131 1447 aliter

514 1499 581 1541 se
619 1477 855 1541 habere
892 1499 1044 1542 mox
1083 1476 1376 1542 elucebit.
1421 1475 1592 1542 Nam
1621 1478 1933 1561 oppidum
1974 1477 2135 1542 illud
2176 1476 2438 1543 Ciliciae
2477 1481 2837 1563 quaestioni
2872 1485 3129 1546 nostrae

515 1596 735 1639 ansam
763 1576 1065 1658 praebere
1094 1579 1433 1658 propterea
1459 1597 1591 1640 non
1636 1579 1874 1659 potest,
1922 1577 2073 1660 quia
2119 1600 2193 1642 eo
2232 1576 2374 1642 loco
2411 1600 2544 1642 non
2587 1577 2881 1642 exstabat
2918 1579 3129 1644 cultus

514 1676 880 1737 sanctorum
935 1695 1142 1757 neque
1198 1696 1347 1739 vero
1396 1674 1473 1738 de
1519 1673 1932 1739 incubatione
1978 1673 2216 1740 ibidem
2255 1676 2427 1740 facta
2464 1676 2814 1760 quidquam
2852 1681 3131 1763 constat3

513 1771 693 1835 cuius
724 1776 939 1836 tamen
984 1772 1075 1835 rei
1114 1772 1396 1836 maxima
1446 1775 1544 1836 est
1587 1771 1883 1837 habenda
1925 1772 2109 1837 ratio.
2178 1771 2444 1838 Cosmae
2493 1777 2558 1838 et
2601 1773 2903 1839 Damiani
2968 1797 3130 1858 quae

511 1869 702 1934 nobis
733 1871 1070 1934 traduntur
1099 1870 1407 1935 miracula
1432 1893 1565 1936 non
1585 1871 1665 1935 ad
1684 1869 1898 1955 Aegas
1927 1871 2257 1935 referenda
2285 1874 2452 1953 sunt,
2482 1872 2592 1936 sed
2620 1872 2701 1935 ad
2721 1872 3130 1955 Byzantium:

514 1968 591 2032 cf.
616 1990 709 2032 ex.
740 1989 831 2052 gr.
852 1967 992 2032 mir.
1020 1969 1099 2031 18
1120 1992 1181 2052 p.
1202 1968 1333 2032 420
1354 1991 1465 2052 sq„
1494 1968 1605 2032 ubi
1635 1969 1713 2033 de
1750 1968 1890 2034 viro
1930 1970 2207 2054 quodam
2246 1969 2551 2054 leguntur
2590 1969 2772 2035 haec:
2814 1968 2877 2049 ἐξ
2908 1968 3132 2056 ἑτέρας

514 2065 893 2152 ὁρμώμενος
919 2067 1135 2152 χώρας
1173 2068 1513 2152 διαφόρως
1547 2064 1905 2150 κατέλαβεν
1941 2068 2065 2151 τὴν
2103 2070 2539 2152 φιλόχριστον
2573 2069 2868 2152 τάύτην
2896 2071 3129 2134 πόλιν

511 2162 620 2229 καὶ
659 2166 942 2248 ἤκουσεν
986 2174 1123 2229 τῶν
1150 2175 1398 2230 κοινῶν
1425 2165 1789 2250 εὐεργετῶν
1834 2164 1945 2230 καὶ
1994 2168 2435 2251 θεραπόντων
2471 2175 2591 2231 τοῦ
2621 2171 2916 2252 Χριστοῦ
2954 2169 3131 2231 Κοσ-

514 2271 604 2346 μᾶ
631 2259 741 2327 καὶ
778 2267 1131 2347 Δαμιανοῢ
1158 2264 1240 2328 τὰ
1275 2264 1587 2347 θαύματα
1624 2261 1734 2328 καὶ
1772 2265 1890 2341 τὰς
1927 2274 2061 2329 τῶν
2097 2262 2524 2347 θλιβομένων
2561 2263 2953 2349 εὐεργεσίας.
2992 2259 3131 2329 εἶτα

510 2361 639 2445 πρὸ
685 2359 979 2446 βραχέως
1024 2364 1272 2446 χρόνου
1308 2362 1511 2427 πάλιν
1546 2360 1812 2439 ἐπιστὰς
1846 2372 1926 2448 τῇ
1973 2362 2328 2446 βασιλίδι
2374 2364 2563 2427 πόλει
2607 2360 2717 2426 καὶ
2756 2364 2923 2450 ζήλῳ
2961 2386 3128 2446 τρω-

511 2456 660 2534 θεὶς
688 2459 852 2544 πρὸς
879 2462 1037 2535 τοὺς
1066 2458 1380 2538 ἐνδόξους
1424 2460 1756 2536 τούτους
1803 2459 2086 2543 ἁγίους
2123 2457 2210 2525 δι’
2258 2459 2503 2535 αὐτοὺς
2527 2458 2753 2542 πλέον,
2791 2460 3027 2526 λοιπὸν
3055 2456 3130 2525 δὲ

518 2554 628 2621 καὶ
676 2557 788 2621 διὰ
833 2559 1048 2623 πολλὰ
1093 2558 1260 2622 ἄλλα
1306 2565 1421 2641 τῆς
1466 2559 2039 2643 μεγαλωνύμου
2092 2560 2347 2634 πόλεως
2401 2557 2718 2642 ταύτης,
2771 2557 2894 2641 τὴν
2949 2558 3132 2623 ἰδίαν

512 2661 775 2739 οἴκησιν
842 2655 1137 2721 ἐνταῦθα
1197 2667 1591 2740 μεταγαγεῖν
1643 2654 2010 2742 ἠβουλήθή.
2112 2654 2626 2722 Consentaneum
2683 2660 2780 2720 est
2839 2656 3129 2742 intellegi

512 2752 928 2841 Byzantium3
983 2754 1061 2819 cf.
1099 2753 1688 2840 Wangnereckium
1734 2779 1795 2839 p.
1835 2755 1984 2820 303.
2059 2754 2298 2820 Dehnii
2343 2754 2608 2839 praefat.
2654 2778 2715 2838 p.
2752 2753 2932 2837 VIII,
2971 2755 3133 2818 eius-

517 2852 660 2915 dem
723 2856 913 2917 notas
985 2876 1047 2937 p.
1102 2851 1371 2918 XXXII.
1475 2852 1614 2929 Qua
1677 2855 1746 2919 in
1809 2854 1968 2918 urbe
2043 2852 2310 2918 Cosmae
2385 2857 2449 2917 et
2513 2852 2814 2917 Damiani
2880 2875 3131 2917 sacrum

515 2950 838 3015 exstitisse
898 2950 1043 3015 aliis
1104 2973 1361 3035 quoque
1431 2952 1821 3017 testimoniis
1890 2952 2320 3016 confirmatur.
2426 2949 2673 3015 Ibidem
2733 2949 3129 3015 Iustinianus

513 3049 863 3131 imperator
906 3071 1021 3132 per
1065 3048 1545 3113 incubationem
1592 3051 1772 3133 gravi
1821 3050 2046 3114 morbo
2093 3049 2401 3113 liberatus
2440 3049 2770 3135 egregium
2815 3047 3130 3133 templum

514 3146 792 3211 inornati
839 3150 1033 3231 atque
1081 3146 1388 3233 ignobilis
1435 3147 1709 3212 aedificii
1755 3148 1901 3213 loco
1949 3148 2281 3213 exstruxit.
2294 3145 2346 3233 ³)

694 3361 747 3426 1)
781 3357 911 3411 Rev.
952 3357 1102 3411 arch.
1135 3356 1212 3411 VI
1248 3358 1431 3427 (1849)
1468 3376 1522 3427 p.
1557 3363 1656 3411 161
1675 3376 1755 3427 sq.

692 3439 747 3506 2)
783 3437 1045 3492 Philostr.
1085 3437 1151 3491 V.
1200 3438 1383 3508 Apoll.
1431 3439 1457 3492 I
1496 3444 1543 3492 7.
1574 3445 1623 3493 8,
1654 3445 1703 3493 9.
1742 3438 1819 3494 id.
1850 3439 1915 3492 V.
1947 3439 2100 3508 soph.
2145 3438 2197 3492 H
2222 3445 2273 3493 4.
2346 3437 2624 3491 Eusebius
2670 3437 2736 3492 V.
2776 3437 3131 3491 Constantini

523 3517 600 3571 ΙΙΙ
629 3523 712 3572 56.
780 3519 1116 3573 Sozomenus
1151 3517 1296 3573 Hist.
1327 3519 1458 3573 eccl.
1489 3519 1539 3572 Π
1569 3525 1601 3572 5
1638 3518 1834 3588 Migne
1869 3521 1910 3573 t.
1942 3524 2010 3573 67
2057 3537 2110 3588 p.
2143 3524 2246 3572 948
2261 3518 2327 3572 A.
2402 3517 2675 3571 Similiter
2709 3517 2977 3570 Harnack
3012 3518 3130 3571 Me-

520 3597 856 3652 dicinisehes
885 3615 988 3652 aus
1015 3598 1116 3653 der
1134 3599 1377 3653 altesten
1404 3598 1978 3669 Kirchengeschichte
2013 3616 2067 3667 p.
2101 3604 2185 3666 13,
2218 3605 2271 3653 1:
2311 3598 2440 3663 „Sic
2476 3602 2570 3667 (sc.
2602 3597 2658 3651 C.
2690 3598 2750 3651 et
2776 3597 2863 3664 D.)
2893 3599 3131 3652 leisteteu

512 3679 619 3733 den
658 3678 908 3734 christon
943 3679 1073 3745 dac,
1118 3696 1233 3734 was
1277 3679 1570 3748 Asklepius
1613 3681 1808 3745 fn‘c'her
1849 3679 2085 3749 yelet'stet
2126 3679 2297 3744 hatte,
2333 3679 2404 3747 ja
2448 3678 2528 3732 sie
2569 3677 2699 3731 sind
2740 3677 3008 3747 yet-adem
3052 3695 3130 3730 m·

515 3758 675 3813 Stelle
711 3758 981 3814 desselben
1017 3763 1302 3829 getreten‘fi
1340 3791 1410 3799 —
1449 3758 1707 3812 Ceterum
1745 3758 1921 3812 etiam
1958 3760 2129 3827 atque
2158 3757 2332 3811 etiam
2367 3757 2703 3823 mirandum,
2739 3757 2891 3825 quod
2919 3757 3005 3809 vir
3029 3756 3128 3810 ille

515 3837 873 3892 doctissimus
911 3839 982 3892 de
1030 3837 1424 3908 antiquissima
1459 3838 1743 3892 medicina
1780 3837 2091 3892 christiana
2127 3837 2460 3906 conscripsit
2494 3835 2777 3903 libellum,
2812 3836 2873 3889 in
2909 3854 3021 3905 quo
3056 3853 3129 3890 ne

514 3934 618 3971 vox
656 3918 886 3986 quidem
920 3918 1302 3973 incubationis
1339 3918 1631 3987 quaerenti
1668 3921 1928 3973 occurrat
1963 3918 2141 3973 oculo,

699 4001 753 4063 3)
790 3998 1020 4068 Ptoeop.
1061 3999 1131 4053 de
1171 3998 1441 4054 aedificiis
1477 3999 1503 4052 Ι
1531 4005 1565 4052 6
1591 4018 1653 4068 p.
1687 4004 1809 4066 193,
1839 4004 1903 4052 17
1922 4017 2041 4067 sqq
2080 3998 2325 4052 Bekker:
2374 3995 2518 4051 m&
2564 3995 2629 4050 δὲ
2672 4005 2774 4051 τοῦ
2817 3996 3031 4051 κόλπου
3065 3997 3129 4051 τὸ

518 4075 699 4182 πέρας
721 4076 828 4182 {rm
816 4096 875 4131 τε
902 4088 978 4133 τῶ
1015 4077 1245 4133 ἀνάντει
1244 4080 1393 4182 καὶ
1417 4079 1653 4149 ἰσχυρῶς
1688 4076 1870 4151 ὀρθίῳ
1909 4076 2135 4147 τέμενος
2169 4077 2230 4131 ἐκ
2268 4080 2512 4131 παλαιοῦ
2549 4081 2744 4149 Κοσμᾷ
2782 4095 2840 4130 τε
2878 4077 2973 4130 καὶ
3012 4082 3129 4130 Δα

1466 4158 1634 4213 αὐτόν
1668 4177 1803 4212 ποτε
1841 4157 2257 4228 (lastinianum)
2307 4155 2647 4225 νενοσηκότα
2682 4153 2993 4222 πικρότατα
3031 4158 3128 4211 καὶ

1466 4238 1734 4294 ’ςποθανοι
1771 4236 1916 4306 πρός
1948 4257 2007 4292 τε
2045 4247 2158 4292 τῶν
2185 4238 2393 4303 ἰατρῶν
2419 4233 2887 4304 ἀπολελειμμένον
2921 4235 3020 4290 ἅτε
3055 4236 3129 4304 δὴ

1511 4318 1836 4380 ἐλθόντες
1879 4318 2156 4372 ἐώσαντο
2201 4317 2257 4372 οὶ
2301 4315 2453 4386 αγιοι
2501 4312 2657 4371 οὗτοι
2702 4315 2763 4369 ἐκ
2810 4323 2912 4369 τοῦ
2946 4334 3131 4382 παρα-

1468 4400 1489 4452 l
1535 4399 1718 4467 ὀρθὸν
1763 4397 2013 4468 ἔστησαν.
2061 4396 2161 4460 οὓς
2205 4396 2277 4465 δὴ
2324 4397 2717 4467 εὖγνομοσόνῃ
2763 4395 3132 4466 ἀμειβόμενος

1466 4477 1707 4544 αλλᾶξας
1748 4497 1809 4532 τε
1854 4479 1951 4532 καὶ
1997 4475 2547 4545 μετασκευασάμενος
2589 4475 2694 4544 τήν
2736 4472 3018 4542 προτέραν
3050 4477 3130 4530 οἱ·

1466 4558 1553 4624 ξον
1588 4554 1765 4613 οὖσαν
1803 4602 1819 4615 .
1860 4602 1870 4611 .
1914 4604 1924 4611 .
1963 4556 2147 4611 ια’λλει
2184 4576 2243 4611 τε
2273 4558 2368 4611 καὶ
2407 4554 2633 4627 μεγέθει
2668 4555 2772 4610 τὸν
2796 4555 2945 4610 νεὸν
2969 4574 3130 4610 κατε-

1476 4636 1903 4706 ἂρροστήμασιν
1939 4635 2261 4705 §miriamur
2296 4637 2505 4705 ἰατρόν
2539 4633 2863 4703 κρείττοσιν,
2900 4634 3054 4690 οἶδε.
3082 4681 3092 4690 .
3116 4682 3127 4690 .

1466 4725 1623 4772 seror
1658 4719 1731 4787 δὴ
1766 4717 1868 4772 τὸν
1905 4718 2063 4772 νεόν.
