3611 5264
982 337 1163 408 Caput
1198 338 1263 392 Π.
1338 338 1421 393 De
1458 338 1764 393 incubandi
1800 338 2006 393 ritibus
2043 339 2438 409 symbolisque.
2948 343 3030 406 15

411 497 594 563 Adde
642 498 1025 564 Tertulliani
1072 500 1266 565 verba
1305 500 1381 564 de
1428 523 1526 581 an.
1564 501 1650 565 48
1691 499 1758 565 C.
1809 499 1870 566 S.
1908 501 1984 566 E.
2029 503 2099 566 L.
2150 501 2274 566 XX
2315 503 2347 566 1
2398 525 2458 586 p.
2489 503 2639 588 379,
2669 503 2779 568 14:
2823 507 3033 589 „apud

414 598 669 662 oracula
711 599 1099 663 incubaturis
1144 599 1448 663 ieiunium
1493 600 1848 664 indicitwr.“

553 736 636 790 De
681 735 973 791 ieiunandi
1020 736 1223 791 effectu
1269 755 1318 793 v,
1357 736 1468 791 Cic.
1517 737 1588 791 de
1626 737 1733 793 div.
1771 739 1797 791 I
1828 742 1892 792 51
1913 783 1927 808 ‚
1959 744 2086 795 115:
2143 741 2401 806 „animus
2422 783 2433 794 .
2458 783 2470 794 .
2493 783 2504 793 .
2526 741 2739 806 omnia,
2785 757 2923 810 quae
2966 742 3029 795 in

551 822 759 871 ‘natura
794 834 977 872 rerum
1011 823 1159 884 simt,
1194 818 1366 884 videt,
1410 819 1462 871 si
1504 818 1662 873 modo
1707 820 2016 887 temperatis
2061 821 2193 874 escis
2236 821 2565 888 modicisque
2592 821 2912 889 potionibus
2946 822 3028 876 ita

551 901 628 950 est
663 896 937 964 adfectus‘,
971 903 1034 951 ut
1068 898 1244 966 sopito
1280 912 1499 967 corpore
1535 898 1646 965 ipsi
1680 898 1927 968 vigiletf‘
2005 896 2199 953 Galen.
2247 897 2508 968 Hippocr.
2544 898 2820 954 Praedict.
2860 900 2886 952 Ι
2916 905 2964 967 1,
2994 905 3025 951 5

553 977 592 1029 t.
625 981 691 1030 16
729 995 782 1046 p.
816 981 918 1030 525
956 975 1183 1031 Kuehn:
1235 977 1332 1031 καὶ
1375 985 1486 1032 τῶν
1532 974 1904 1047 ὑγιαινόντων
1954 975 2017 1031 δὲ
2069 987 2188 1040 τοῖς
2244 976 2345 1047 μὲν
2395 976 2598 1041 ἐνδεῶς
2652 981 3028 1048 διαιτηθεῑσιν

553 1053 804 1126 ἐναργεῖς
839 1055 893 1110 οἱ
933 1055 1140 1124 ὄνειροι
1178 1054 1446 1127 γίνονται.
1508 1056 1577 1109 cf.
1609 1055 1761 1126 Guys
1789 1056 2189 1111 Litterarische
2218 1056 2383 1111 Reise
2419 1058 2566 1112 nach
2596 1057 3027 1126 Griechenland‚

557 1152 657 1189 aus
687 1136 815 1189 dem
843 1136 1099 1191 Franzos.
1131 1136 1316 1191 libers,
1352 1136 1392 1192 I.
1423 1135 1546 1190 Teil
1578 1141 1697 1203 158,
1736 1136 1892 1192 citat.
1935 1137 2085 1205 apud
2112 1136 2565 1207 Kinderlingium
2599 1137 2713 1192 Der
2741 1138 3020 1192 Somnam-

552 1214 827 1270 bulismus
865 1233 1094 1271 unserer
1131 1215 1255 1269 Zeit
1292 1218 1396 1270 etc.
1433 1233 1488 1284 p.
1520 1220 1613 1270 28:
1666 1216 1820 1283 „Die
1861 1217 2127 1272 Grieehen
2164 1217 2394 1271 bereiten
2428 1217 2543 1272 sich
2577 1218 2715 1272 ‘noch
2738 1218 2893 1285 Jetzt,
2928 1221 3028 1273 wie

552 1296 797 1362 οἶιευιαῐε,
844 1297 1015 1350 durch
1051 1296 1264 1351 Faste‘n
1299 1311 1395 1363 zu,
1439 1313 1534 1350 um
1576 1297 1873 1366 ylitckliche
1913 1297 2149 1350 Τνᾶκπιε
2194 1312 2265 1351 zu
2309 1297 2542 1351 haben.“
2584 1329 2651 1337 —
2689 1297 2755 1350 In
2789 1297 3026 1367 magicis

559 1374 877 1445 praeceptis
914 1392 1014 1444 per
1052 1375 1202 1429 diem
1239 1375 1441 1429 saltem
1479 1392 1634 1430 esum
1670 1375 1957 1429 interdum
1992 1375 2232 1430 vetitum
2269 1375 2442 1430 fuisse
2484 1376 2702 1431 elucere
2739 1376 2959 1431 videtur
2996 1394 3026 1431 6

552 1454 843 1523 Wesselyo
883 1453 1101 1508 Griech.
1141 1454 1426 1524 Zaubpap.
1459 1474 1511 1524 p.
1544 1461 1630 1524 22,
1662 1461 1729 1510 73
1759 1473 1867 1523 sq.:
1908 1453 2044 1510 ὅταν
2082 1454 2144 1510 δὲ
2181 1453 2375 1528 μέλλῃς
2414 1455 2558 1510 καθ’
2600 1455 2814 1526 ἡμέραν
2852 1457 2914 1512 ἐν
2957 1466 3026 1530 τῇ

554 1532 752 1608 ἁγνείᾳ
790 1531 1005 1588 ἐσθίειν
1042 1535 1136 1588 καὶ
1175 1537 1505 1603 κοιμᾶσθαι,
1544 1534 1663 1588 εἰπὲ
1701 1535 1800 1590 τὸν
1837 1532 2003 1605 λόγον
2031 1537 2141 1590 κτλ.
2198 1535 2645 1605 Animadvertas‚
2676 1536 2827 1605 quod
2855 1537 3024 1592 verbo

553 1611 767 1669 ἐσθίειν
823 1612 1052 1667 additur
1104 1614 1202 1668 καὶ
1246 1617 1572 1683 κοιμᾶσθαι.
1647 1615 1846 1682 Itaque
1891 1614 1984 1668 hic
2032 1630 2252 1684 quoque
2301 1614 2531 1682 aliquod
2577 1614 2851 1670 ieiunium
2899 1633 3024 1670 cum

549 1693 761 1764 vigiliis
801 1693 1141 1763 quibusdam
1177 1693 1536 1758 coniunctum
1572 1694 1746 1749 fuisse
1793 1694 2039 1765 videtur,
2086 1694 2148 1747 id
2195 1694 2347 1762 quod
2394 1711 2426 1748 6
2464 1694 2682 1749 Cratini
2718 1694 3025 1764 Trophonii

555 1773 873 1844 fragmento
911 1772 1244 1828 concludere
1282 1773 1614 1828 studuimus.

585 1900 663 1966 Id
709 1901 881 1985 quod
924 1900 1269 1965 ieiunando
1307 1901 1476 1965 effici
1515 1901 1835 1988 volebant,
1872 1900 2164 1965 homines
2201 1905 2274 1965 ut
2310 1903 2759 1986 propensiores
2798 1903 3025 1968 fierent

411 1999 492 2062 ad
540 1999 1000 2063 divinationem
1046 1999 1227 2062 illam
1273 2021 1389 2082 per
1445 2000 1694 2063 somnia
1752 1999 2214 2084 accipiendam,
2271 1999 2569 2064 similiter
2626 2000 3025 2065 efficiebatur

406 2118 540 2161 non
587 2096 887 2161 omnibus
935 2096 1097 2160 cibis
1143 2096 1383 2181 vetitis,
1430 2101 1648 2160 tamen
1693 2095 2042 2180 nonnuHiS,
2090 2118 2235 2160 cum
2283 2096 2442 2160 alias
2491 2097 2573 2161 ob
2613 2119 2836 2162 causas
2883 2102 3022 2161 tum

411 2195 562 2279 quia
608 2195 688 2258 iis
734 2193 1146 2278 potissimum
1194 2194 1522 2258 obscurari
1568 2195 1850 2259 animam
1897 2198 2092 2278 atque
2135 2193 2425 2258 hebetari
2470 2194 2803 2278 putabant.

407 2335 634 2420 Itaque
680 2335 855 2399 faba
902 2335 1542 2421 interdicebatur,
1588 2340 1660 2400 ut
1705 2336 1977 2419 videtur,
2025 2335 2197 2420 apud
2240 2334 2792 2423 Amphiaraum1).

551 2457 620 2511 cf.
642 2455 887 2527 Geopon.
917 2457 969 2510 H
989 2463 1074 2525 35,
1103 2463 1138 2511 4
1170 2476 1222 2527 p.
1257 2462 1357 2511 179
1386 2456 1605 2512 Niclas:
1646 2457 1700 2511 οἱ
1737 2455 1800 2512 δὲ
1839 2454 2069 2526 φυσικοί
2105 2474 2244 2526 φασι
2280 2458 2411 2520 τοὺς
2445 2456 2695 2526 κυάμους
2721 2459 3023 2530 ἀμβλύνειν

551 2536 653 2599 τὰς
696 2535 934 2605 καρδίας
978 2546 1088 2592 τῶν
1139 2535 1448 2592 ἐσθιόντων
1494 2537 1713 2600 αὐτούς.
1789 2537 1880 2592 διὸ
1928 2538 2024 2591 καὶ
2072 2534 2387 2605 ἐμποδίζειν
2441 2547 2566 2599 ταῖς
2611 2536 3025 2606 εὐθυονειρίαις

549 2614 896 2686 νομίζονται,
935 2616 1039 2672 εἰσὶ
1085 2616 1191 2687 γὰρ
1237 2618 1664 2686 πνευματώδεις.
1737 2616 1959 2672 Similes
2004 2616 2156 2672 locos
2202 2617 2509 2708 permultos
2561 2616 2746 2672 adfert
2781 2617 2851 2672 N.
2882 2617 3020 2673 adl.

549 2697 715 2767 Apud
779 2697 1145 2752 Plutarchum
1210 2700 1621 2766 componuntur
1681 2700 1746 2752 ut
1810 2697 2041 2751 somniis
2092 2698 2262 2752 noxia
2316 2697 2451 2750 faba
2502 2699 2559 2751 et
2607 2698 2803 2767 polypi
2854 2701 3024 2766 caput

550 2778 823 2848 (Sympos
861 2764 989 2830 VI'H
1018 2782 1102 2845 10,
1135 2783 1162 2830 1
1211 2796 1264 2846 p.
1297 2781 1399 2830 734
1420 2778 1508 2848 F).
1550 2775 1634 2831 ὅτι
1680 2775 1734 2831 δ’
1780 2777 1896 2831 ἐστὶ
1927 2787 2039 2832 τῶν
2075 2775 2379 2848 βρωμάτων
2425 2775 2547 2831 ἔνια
2594 2775 2890 2845 δυσόνειρα
2926 2777 3022 2831 καὶ

548 2857 855 2926 ταρακτικὰ
884 2866 994 2911 τῶν
1021 2855 1161 2911 καθ’
1205 2856 1387 2912 υπνον
1424 2856 1633 2926 ὄψεων,
1670 2854 1994 2926 μαρτυρίοις
2030 2855 2268 2926 ἐχρῶντο
2304 2864 2422 2918 τοῖς
2455 2874 2515 2909 τε
2551 2854 2788 2924 κυάμοις
2822 2856 2919 2910 καὶ
2953 2865 3022 2928 τῇ

550 2941 762 3008 κεφαλῇ
796 2945 896 2991 τοῦ
934 2938 1253 3000 πολύποδος
1288 2936 1377 3007 (cf.
1417 2936 1561 2991 Plut.
1604 2938 1673 2991 de
1712 2937 1839 2990 aud
1877 2938 2026 3006 poet.
2059 2942 2086 2989 1
2125 2955 2179 3004 p.
2213 2941 2278 2989 15
2296 2936 2392 3006 Β),
2439 2931 2518 2990 ὧν
2574 2933 2885 3006 ἀπέχεσθαι
2933 2955 3022 2990 κε-

548 3018 766 3072 λεύουσι
819 3018 950 3080 τοὺς
1003 3016 1305 3086 δεομένους
1357 3025 1456 3086 τῆς
1509 3016 1608 3071 διὰ
1659 3026 1771 3072 τῶν
1828 3014 2062 3085 ὀνείρων
2117 3024 2401 3085 μαντικῆς.
2475 3015 2677 3085 Polypi
2731 3018 2903 3086 caput
2961 3016 3022 3069 in

552 3097 776 3166 eroticis
815 3096 1034 3166 aliquid
1070 3096 1313 3151 valuisse
1352 3095 1536 3150 elucet
1573 3114 1641 3151 ex
1678 3097 1970 3151 Athenaeo
2009 3096 2113 3149 VH
2147 3114 2201 3165 p.
2234 3100 2336 3149 316
2357 3112 2416 3149 c:
2471 3098 2711 3166 Διοκλῆς
2757 3094 2812 3151 δ’
2857 3095 2918 3151 ἐν
2957 3093 3015 3148 α’

541 3175 883 3248 Yytewcfw‘
896 3176 966 3230 τὰ
1004 3176 1068 3231 δὲ
1104 3175 1367 3245 μαλάκια,
1405 3174 1561 3246 φησί,
1597 3175 1739 3244 πρὸς
1774 3176 1989 3246 ἡδονὴν
2027 3176 2124 3230 καὶ
2152 3175 2293 3244 πρὸς
2319 3195 2387 3229 τα
2418 3173 2750 3265 ἀφροδίσια·
2790 3174 3022 3244 μάλιστα

549 3257 611 3312 δὲ
650 3258 704 3312 οἱ
739 3255 1128 3319 πουλύποδεςῖ
1206 3256 1365 3321 Quod
1404 3257 1453 3310 si
1504 3256 1934 3324 consideremus,
1971 3255 2211 3310 fortasse
2249 3254 2502 3323 aliquam
2545 3254 2657 3308 vim
2684 3255 2866 3309 inesse
2894 3272 3024 3309 con—

550 3338 812 3392 cedamus
850 3337 1033 3391 Laert.
1064 3336 1226 3405 Diog.
1267 3335 1407 3404 loco,
1447 3336 1548 3389 ubi
1579 3299 2063 3405 Pythagoredrum
2100 3336 2404 3404 praecepta
2442 3336 2839 3388 enumerantur
2874 3334 3022 3405 (Vm

554 3424 601 3487 1,
632 3420 738 3488 34):
768 3414 1083 3487 ἀπέχεσθαι
1120 3425 1231 3471 τῶν
1258 3416 1488 3485 κυάμων
1526 3414 1650 3483 ἤτοι
1680 3413 1765 3469 ὅτι
1794 3413 2037 3477 αἰδοίοις
2064 3414 2205 3469 εἰσὶν
2234 3412 2416 3483 ὅμοιοι
2443 3412 2479 3483 ἢ
2500 3417 2611 3468 κτλ.
2644 3413 2711 3468 cf.
2732 3414 2885 3470 Suid.
2907 3433 2948 3468 S.
2971 3433 3018 3468 V.

552 3494 900 3567 Πυθαγόρας
945 3497 1020 3565 (p.
1054 3501 1175 3562 553,
1207 3501 1270 3549 11
1320 3495 1570 3565 Bernh.):
1617 3495 1747 3557 τοὺς
1782 3493 2031 3563 κυάμους
2079 3493 2142 3548 δὲ
2179 3492 2619 3563 ἀποτρέπεσθαι,
2658 3492 2741 3547 ὅτι
2780 3492 3021 3557 αἰδοίοις

407 3674 544 3729 deus
592 3673 935 3742 sanatorius,
983 3672 1129 3727 sicut
1164 3671 1539 3741 Amphiaraus
1577 3670 1665 3725 vel
1701 3670 2098 3740 Aesculapius3
2145 3669 2351 3726 altera:
2399 3669 2459 3724 in
2495 3670 2618 3739 ipso
2657 3670 2854 3738 adyt0‚
2894 3688 3020 3724 611111

407 3754 804 3824 descendisset,
845 3752 1156 3824 supplicem
1193 3750 1527 3806 suscitatum
1572 3767 1756 3819 neque
1794 3751 1959 3805 edere
1995 3767 2159 3820 posse
2203 3766 2387 3818 neque
2426 3749 2693 3804 dormire:
2741 3750 2877 3817 quia
2912 3751 3019 3805 hoc

404 3851 507 3903 per
543 3851 602 3888 se
640 3834 863 3889 videtur
899 3833 1219 3888 absurdum.
1294 3830 1516 3886 Dicitur
1551 3845 1679 3885 mea
1715 3830 1944 3899 quidem
1990 3830 2274 3885 sententia
2318 3846 2508 3884 versus
2555 3829 2655 3884 ille
2702 3829 2771 3883 de
2808 3828 3018 3884 ieiunio

406 3917 466 3968 et
509 3913 744 3984 vigiliis,
791 3914 997 3982 quibus
1041 3912 1294 3966 homines
1342 3911 1586 3980 aptiores
1632 3912 1774 3965 fiant
1807 3911 1974 3966 rebus
2012 3910 2217 3964 divinis
2262 3909 2663 3980 percipiendis3
2715 3908 2805 3963 cui
2844 3909 3017 3980 expli-

405 3993 620 4048 cationi
656 3993 896 4048 fortasse
934 3994 1181 4063 opponet
1216 3991 1342 4060 quis
1380 3990 1694 4045 Pausaniae
1730 3990 1916 4045 locum
1944 3991 2041 4063 (IX
2069 3996 2154 4060 39,
2184 3995 2264 4061 5):
2303 3988 2400 4045 καί
2437 3990 2490 4045 οἱ
2528 3989 2668 4060 (scil.
2700 3988 2761 4043 in
2786 3990 3014 4061 ἀγαθοῦ

406 4070 676 4143 δαίμονος
714 4073 973 4127 aedificio
1008 4070 1317 4141 habitanti)
1354 4071 1451 4125 καὶ
1487 4069 1623 4139 κρέα
1662 4070 1901 4140 ἄφθονά
1939 4071 2087 4128 ἐστιν
2125 4070 2238 4125 ἀπὸ
2274 4079 2386 4125 τῶν
2415 4074 2645 4124 θυσιῶν.
2714 4069 2836 4134 Qua
2871 4070 2931 4123 in
2959 4087 3019 4125 re

404 4156 598 4207 tamen
641 4153 831 4208 nescio
880 4171 954 4208 an
997 4153 1138 4206 haec
1175 4150 1492 4205 Pausaniae
1537 4150 1709 4204 verba
1753 4153 1979 4205 tantum
2023 4151 2266 4205 valeant.
2340 4149 2501 4204 Licet
2538 4149 2815 4218 conferre,
2867 4151 3018 4218 quod

405 4232 647 4285 Meiners
686 4231 1020 4286 Geschichte
1059 4230 1199 4284 aller
1234 4230 1572 4300 Religionen
1596 4229 1648 4282 H
1675 4248 1728 4299 p.
1759 4236 1866 4285 404
1904 4230 1974 4284 de
2009 4230 2197 4299 equite
2229 4229 2416 4284 Oeneo
2453 4231 2663 4298 narrat,
2702 4230 2801 4298 qui
2836 4230 3017 4298 prius-

406 4328 577 4380 quam
613 4311 673 4365 in
703 4311 895 4366 Sancti
932 4309 1168 4365 Patricii
1205 4313 1428 4365 antrum
1465 4310 1617 4379 apud
1652 4309 2000 4380 Dungalium
2045 4311 2106 4364 in
2141 4309 2361 4364 Ivcrnia
2404 4309 2575 4364 situm
2610 4309 3017 4379 proficiscatur,

406 4389 728 4460 quindecim
764 4392 884 4447 dies
921 4394 1226 4459 noctesque
1263 4407 1422 4445 orare
1460 4390 1644 4458 debet,
1683 4389 2005 4459 vigilare,
2051 4390 2378 4444 ieiunare.
2453 4390 2536 4442 De
2575 4391 2736 4443 antro
2773 4389 2874 4443 illo
2911 4390 3017 4443 Pa-

405 4471 558 4525 tricii
595 4471 992 4541 Trophaniano
1032 4474 1195 4526 antro
1233 4470 1405 4525 simili
1440 4468 1690 4538 loquitur
1728 4468 2077 4524 Schoemann
2114 4468 2332 4524 Griech.
2371 4468 2573 4522 Altert.
2601 4468 2681 4521 Π3
2709 4473 2828 4537 338,
2862 4472 2907 4521 1.

587 4555 639 4623 1)
675 4550 1068 4621 Aristophanis
1104 4550 1435 4620 Amphiarai
1479 4550 1587 4620 frg.
1617 4556 1684 4602 23
1713 4549 1808 4604 K.:
1847 4547 1993 4612 ὅστις
2029 4557 2221 4618 φακῆν
2266 4546 2494 4618 ἥδιστον
2531 4547 2692 4617 ὄψων
2728 4549 3013 4614 λοιδορεῖς.

408 4631 659 4696 Quocum
704 4631 1071 4685 conferendus
1119 4629 1273 4683 locus
1321 4629 1764 4698 Geoponicorum
1799 4629 1852 4682 Π
1881 4634 1965 4698 35,
1997 4634 2028 4681 8
2065 4647 2118 4698 p.
2153 4634 2253 4683 182
2282 4629 2500 4683 Niclas:
2548 4637 2762 4696 πρῶτος
2807 4624 2869 4681 δὲ
2908 4625 2990 4681 ἀπ

408 4711 593 4782 έσχετο
633 4710 861 4781 κυάμων
890 4708 1246 4781 Ἀμφιάραος,
1283 4709 1381 4764 διὰ
1417 4709 1519 4779 τὴν
1557 4708 1636 4765 δι’
1681 4707 1914 4778 ὀνείρων
1950 4706 2233 4778 μαντείαν.
