3611 5264
1339 328 1421 381 De
1457 327 1818 382 incubatione
1856 324 2180 384 christiana.
2977 328 3061 391 99

628 493 870 557 Puteus
917 513 1118 577 prope
1165 490 1507 576 templum:
1555 492 1816 577 ὥρμησε
1874 488 1998 577 μὲν
2051 489 2167 578 (sc.
2204 490 2437 555 mulier
2491 489 2783 577 aegrota)
2841 490 2956 556 ἐπί
3001 494 3073 557 τί

453 612 613 656 ποτε
668 602 805 656 τῶν
859 587 1364 676 παρακειμένων
1418 590 1781 674 φρεάτων
1834 589 1977 652 mir.
2016 589 2057 652 3
2119 612 2178 673 p.
2222 588 2365 653 142.
2465 588 2637 653 Fons
2694 612 2732 653 a
2786 593 3067 673 martyre

452 710 756 772 pecorum
803 687 1177 772 pestilentia
1232 690 1456 751 exorta
1510 690 1798 771 paratur:
1844 688 1968 770 τὴν
2020 687 2146 773 γὰρ
2193 687 2281 770 μὴ
2330 681 2542 752 οὖσάν
2594 708 2753 752 ποτε
2815 688 3069 771 πηγὴν

451 789 611 870 μήτε
655 787 834 872 παρά
879 809 1062 862 τινος
1097 784 1285 870 ἡμῶν
1328 784 1369 868 ἢ
1415 782 1526 849 καὶ
1564 795 1700 849 τῶν
1742 783 2199 870 παλαιοτέρων
2234 784 2570 867 ὀφθεῖσαν
2606 784 2866 871 άθρόον
2910 784 3069 850 ἄνα-

452 884 693 967 βλύσαι
740 884 1213 969 παρασκευάζει
1261 933 1275 948 .
1323 932 1337 947 .
1387 935 1400 947 .
1453 882 1525 947 ἐν
1573 874 1748 970 ᾧπερ
1796 886 1976 970 τόπῳ
2022 881 2227 947 πάλιν
2264 883 2466 966 αὐτῆς
2512 882 2651 948 ἐστι
2686 884 2762 948 τὸ
2800 881 3070 968 τέμενος

453 981 734 1060 21,196.
825 981 1207 1046 Lavacrum:
1255 982 1422 1045 ὥστε
1467 990 1559 1068 τῷ
1607 981 1810 1063 αὐτῆς
1854 983 2230 1068 χρήσασθαι
2277 985 2585 1068 λουτρῷ
2633 979 2869 1064 9‚156.

633 1078 979 1169 Columbae
993 1076 1045 1166 ¹)
1092 1078 1380 1161 aliaeque
1441 1100 1589 1142 aves
1645 1078 1715 1141 in
1770 1100 1951 1142 sacro
2007 1077 2279 1143 Theclae
2331 1078 2679 1143 habentur:
2734 1080 2950 1144 πολλά
2994 1103 3068 1162 γε

456 1178 538 1261 δὴ
584 1176 696 1243 καὶ
741 1181 1012 1243 ποικίλα
1056 1178 1136 1242 τὰ
1183 1179 1535 1261 νεμόμενα·
1581 1177 1837 1260 κύκνοι,
1883 1175 2176 1262 γέρανοι,
2222 1185 2436 1261 χῆνες,
2480 1180 2894 1264 περιστεραί,
2940 1179 3068 1260 ἤδη

454 1271 528 1340 δὲ
564 1273 674 1341 καὶ
711 1278 791 1341 τα
831 1274 895 1354 ἐξ
933 1276 1286 1359 Αἰγύπτου
1322 1272 1430 1339 καὶ
1484 1275 1798 1358 Φάσιδος,
1847 1273 1888 1338 ἃ
1929 1325 1942 1339 .
1975 1325 1986 1338 .
2019 1326 2031 1339 .
2079 1273 2516 1339 ἀνατιθέασιν
2562 1275 2633 1339 οἱ
2673 1274 3071 1359 ἐπιδημοῦν-

451 1397 556 1451 τες
599 1383 679 1459 τῇ
726 1374 1013 1462 μάρτυρι
1059 1373 1296 1459 8,152.

629 1468 919 1557 Apparet
966 1470 1205 1536 Thecla
1248 1493 1363 1555 per
1409 1491 1732 1535 somnum:
1779 1468 2021 1556 Alypio
2068 1473 2334 1556 aegroto
2389 1469 2500 1552 qui
2548 1469 2707 1535 adiit
2752 1434 3068 1555 templum

459 1569 1040 1679 ἐπιφοιτήσασα
1085 1570 1497 1656 νύκτωρ..
1539 1568 1800 1644 .εὐθὺς
1844 1569 2061 1655 ἤρετο,
2110 1569 2211 1633 ὅτι
2256 1591 2327 1633 τε
2371 1566 2612 1652 πάσχοι
2656 1574 2792 1634 κτλ.
2883 1568 3070 1653 Lapi-

455 1668 598 1732 dem
645 1667 704 1732 ei
741 1666 1007 1752 praebet
1043 1665 1152 1731 καὶ
1191 1669 1285 1731 ἔτι
1333 1663 1456 1751 μὲν
1501 1676 1591 1753 τῷ
1639 1666 1857 1754 ύπνῳ
1904 1669 2338 1752 κατεχόμενος
2383 1665 2597 1731 ἐδόκει
2645 1690 2715 1732 τε
2761 1669 2937 1752 ἔχειν
2965 1718 2979 1732 .
3009 1718 3024 1733 .
3056 1719 3069 1733 .

454 1766 545 1843 ὡς
598 1762 673 1830 δὲ
732 1763 842 1831 καὶ
905 1763 1249 1848 ἀπηλλάγη
1310 1761 1433 1849 μὲν
1492 1772 1612 1830 τοῦ
1668 1764 1925 1828 ὕπνου
1987 1816 2000 1828 .
2048 1813 2062 1829 .
2112 1817 2125 1830 .
2172 1764 2559 1847 ἠπατῆσθαί
2619 1788 2690 1829 τε
2735 1763 2918 1842 ἔδοξε
2960 1762 3072 1830 καὶ

459 1862 729 1947 άληθῶς
774 1859 946 1929 εἶναι
993 1865 1182 1948 ὄναρ
1242 1863 1327 1926 τὸ
1386 1863 1576 1948 ὄναρ
1634 1861 1739 1945 24,
1768 1861 2012 1945 200sq.
2095 1862 2136 1946 ἡ
2191 1863 2445 1947 μάρτυς
2492 1914 2505 1926 .
2555 1913 2567 1926 .
2615 1911 2629 1926 .
2688 1862 3072 1946 ἐφιστᾶσα

458 1960 764 2046 νύκτωρ
811 1959 920 2026 καὶ
968 1958 1299 2045 λαβομένη
1345 1984 1478 2045 μου
1524 1968 1645 2024 τοῦ
1691 1959 1896 2024 ὠτίου
1942 1958 2052 2025 καὶ
2110 1961 2497 2026 διασείσασα
2549 1958 2661 2025 καὶ
2714 1962 2811 2037 εἰς
2867 1963 3071 2048 ἰχῶρα

455 2061 714 2145 βραχὺν
758 2060 880 2124 τὸν
923 2060 1139 2124 πάντα
1185 2059 1555 2123 διαλύσασα
1599 2060 1816 2122 πόνον
1860 2057 1966 2143 27,
1994 2058 2143 2124 210.

630 2155 880 2222 Iudicat
935 2156 1218 2221 remedia
1272 2180 1388 2241 per
1443 2178 1767 2222 somnum:
1826 2154 2115 2234 ἀκούσας
2177 2180 2248 2222 τε
2315 2157 2356 2221 ἃ
2413 2158 2516 2224 δεῖ
2568 2166 2840 2242 ποιῆσαι
2893 2159 3072 2245 παρὰ

454 2262 568 2338 τῆς
612 2256 945 2342 μάρτυρος
989 2253 1100 2320 καὶ
1146 2257 1426 2339 ποιήσας
1459 2252 1572 2320 καὶ
1611 2253 2013 2337 ἀπαλλαγεὶς
2049 2265 2169 2320 τοῦ
2207 2249 2580 2340 νοσήματος
2615 2260 2750 2321 κτλ.
2788 2255 2893 2341 25,
2922 2256 3070 2321 206.

632 2352 1035 2436 ἐφίστασθαι
1085 2352 1346 2417 dicitur:
1394 2351 1629 2436 ἐπέστη
1682 2352 1782 2437 15,
1817 2352 1963 2416 176.
2009 2351 2325 2417 ἐπιστᾶσα
2371 2352 2454 2417 ib.
2498 2352 2642 2418 178.
2727 2353 3072 2436 ἐφίσταται

459 2451 559 2533 19,
592 2451 737 2515 190.
802 2453 967 2537 ὄναρ
1012 2456 1395 2535 κεφαλῆφιν
1433 2449 1667 2533 ἐπέστη
1715 2446 1826 2535 (ex
1862 2447 2084 2513 Iliadis
2123 2452 2189 2512 K
2212 2447 2374 2536 496)
2421 2450 2528 2535 20,
2560 2450 2702 2514 192.
2752 2450 3072 2535 ἐφιστᾶσα

455 2546 560 2630 27,
588 2547 737 2610 210.

633 2644 883 2728 Martyr
937 2644 1248 2728 relinquit
1300 2648 1565 2710 ventum
1622 2667 1883 2710 suavem
1950 2643 2058 2732 (cf.
2104 2668 2166 2730 p.
2209 2644 2348 2734 13):
2404 2645 2707 2729 κάπῆλθε
2762 2645 3072 2734 ζέφυρον,

463 2745 551 2820 ὡς
597 2745 831 2828 εἰπεῖν,
876 2741 1041 2829 αὐτῇ
1089 2746 1300 2828 μόνον
1336 2743 1619 2829 λιγυρὸν
1656 2742 2023 2828 ἐμπνέοντα
2060 2747 2525 2822 καταλείψασα.
2572 2743 2905 2827 διεγένετο
2951 2741 3074 2830 μὲν

457 2837 582 2907 οὗν
628 2891 643 2906 .
689 2891 704 2906 .
752 2889 768 2905 .
814 2839 979 2923 αὐτὴ
1027 2842 1197 2926 μόνη
1246 2842 1335 2917 ὡς
1380 2840 1456 2906 ἐν
1499 2837 1628 2927 ἦρι
1678 2893 1691 2905 .
1739 2889 1755 2905 .
1801 2841 2191 2924 δ.ιάγουσα
2239 2841 2475 2925 3,142.

634 2938 939 3023 Sequitur
984 2961 1124 3003 eam
1170 2937 1412 3024 puella:
1458 2937 2040 3025 προσκαλεσαμένη
2090 2936 2165 3004 δὲ
2211 2942 2420 3025 κόρην
2466 2941 2556 3016 ὡς
2601 2941 2684 3005 άν
2729 2965 2880 3005 τινα
2924 2963 3072 3007 παι-

456 3040 692 3122 δίσκην
720 3038 885 3124 αὐτῇ
922 3045 1483 3123 παρομαρτοῦσαν
1521 3039 1694 3121 φησί
1724 3041 1858 3102 κτλ.
1897 3037 2134 3122 3,142.
2210 3038 2288 3102 cf.
2326 3035 2695 3122 Aesculapii
2740 3038 3073 3105 ministros

456 3140 519 3201 et
564 3135 884 3222 puerulos

633 3234 985 3299 Dormiunt
1029 3233 1240 3297 humi:
1286 3235 1570 3310 νυκτὸς
1628 3230 1702 3298 δὲ
1758 3232 2290 3318 ἐπιλαβούσης
2336 3283 2350 3299 .
2399 3283 2413 3298 .
2461 3284 2476 3298 .
2523 3236 2902 3321 διηπορεῖτο
2960 3233 3072 3322 (sc.

458 3330 750 3418 aegrota)
780 3381 794 3396 .
824 3381 839 3396 .
870 3384 883 3397 .
912 3329 1022 3396 καὶ
1067 3329 1226 3397 ποτὲ
1271 3329 1395 3417 μὲν
1437 3333 1602 3397 κατὰ
1647 3333 1727 3396 τὰ
1781 3332 2164 3416 χαμεύνια
2221 3332 2388 3397 αὐτὰ
2433 3331 2940 3420 περιεστρέφετο
2973 3385 2985 3398 .
3015 3383 3029 3397 .
3059 3384 3073 3398 .

458 3427 616 3496 ποτὲ
662 3426 737 3495 δὲ
782 3428 890 3494 καὶ
939 3429 1345 3513 ἀναπηδῶσα
1390 3439 1505 3512 τῆς
1549 3432 1773 3513 κοίτης
1809 3433 1943 3493 κτλ.
1991 3429 2052 3514 3,
2085 3430 2229 3493 142.

637 3534 928 3621 Apparet
979 3540 1162 3600 extra
1219 3535 1531 3621 templum
1588 3558 1777 3601 suum
1837 3540 2109 3619 martyr:
2168 3535 2580 3620 ἐφίσταται
2629 3586 2644 3601 .
2694 3588 2706 3601 .
2755 3589 2768 3601 .
2815 3538 3077 3615 τούτοις

458 3639 553 3701 ἔτι
600 3636 1096 3701 καθεύδουσι
1136 3633 1236 3722 (111
1262 3633 1486 3721 horto)
1527 3686 1539 3699 .
1572 3685 1586 3699 .
1617 3686 1630 3699 .
1669 3635 1741 3700 οί
1772 3630 1847 3699 δὲ
1896 3686 1908 3699 .
1939 3684 1953 3698 .
1982 3682 1998 3698 .
2043 3633 2159 3718 ὑφ’
2217 3627 2315 3700 ὧν
2350 3635 2717 3719 ἀκηκόεσαν
2751 3640 3078 3702 καταπλα-

461 3732 686 3817 γέντες
730 3738 865 3799 κτλ.
918 3734 1019 3819 19,
1052 3733 1197 3797 190.

635 3830 1060 3899 Asseveratur
1105 3831 1284 3917 ὕπαρ
1332 3830 1455 3896 οὐκ
1501 3832 1693 3918 ὄναρε
1750 3829 2035 3918 Κάστωρ
2078 3854 2196 3907 τις
2263 3883 2275 3896 .
2335 3883 2347 3895 .
2411 3882 2424 3894 .
2478 3829 2616 3895 κατ’
2691 3831 2901 3915 αὐτὴν
2962 3841 3078 3916 τῆς

458 3931 890 4016 πανηγύρεως
935 3932 1409 4016 νυκτεγερσίαν
1422 3925 1474 4016 2)
1531 3930 1691 4007 ὄψιν
1747 3927 1873 4016 ὁρᾷ
1926 3930 2240 4013 τοιαύτην
2287 3977 2301 3992 .
2350 3980 2363 3993 .
2411 3977 2425 3992 .
2470 3928 2545 3992 τὸ
2602 3925 2676 3993 δὲ
2730 3923 2817 4011 ἦν
2869 3929 3076 4017 ὕπαρ

459 4143 580 4212 θεῷ
619 4140 701 4202 εἰς
744 4139 912 4208 τήνδε
955 4141 1058 4211 τὴν
1104 4137 1494 4211 πραγματείαν
1528 4142 1858 4209 παρῆλθον,
1904 4137 2171 4202 πολλάκις
2221 4159 2286 4208 με
2331 4137 2799 4214 προτρεψαμένῳ,
2844 4139 3076 4210 μάλιστα

460 4219 524 4273 δὲ
561 4228 666 4275 νῦν
706 4220 1007 4290 ἐναργῶς
1045 4221 1407 4276 ἐπιστάντι
1444 4239 1539 4289 μοι
1578 4264 1589 4274 .
1633 4265 1643 4274 .
1688 4264 1697 4273 .
1738 4220 1835 4273 καὶ
1872 4220 2176 4290 μονονουχὶ
2205 4220 2523 4274 κελεύσαντι
2550 4228 2727 4274 ταῦτα
2755 4220 3078 4292 συγγράψαι

460 4301 670 4354 Artem.
704 4299 805 4354 On.
836 4300 888 4353 H
918 4306 985 4354 70
1014 4318 1067 4371 p.
1100 4306 1220 4369 168,
1240 4307 1272 4355 2
1310 4300 1571 4355 Hei-cher.
1629 4299 1921 4363 Quomodo
1951 4299 2310 4370 ampelurgus
2340 4316 2375 4353 a
2404 4299 2717 4355 Protesilao
2746 4318 2846 4355 suo
2877 4301 3076 4371 guber-

457 4382 627 4434 netur
661 4379 847 4434 elucet
882 4396 965 4435 ex.
1004 4399 1086 4450 gr.
1125 4397 1155 4435 e
1202 4381 1465 4435 Philostr.
1515 4378 1752 4433 Heroico
1790 4385 1896 4433 664
1931 4398 1984 4449 p.
2019 4386 2199 4448 133,1
2248 4379 2445 4449 Kays:
2494 4381 2735 4451 ξυνῆκα,
2783 4377 2866 4435 ὅτι
2911 4399 3075 4449 μετα-

460 4463 651 4532 βαλεῖν
686 4460 950 4515 κελεύει
986 4480 1051 4530 με
1087 4460 1150 4515 τὸ
1187 4469 1287 4515 τοῦ
1324 4458 1453 4532 βίου
1490 4468 1687 4531 σχῆμα.

644 4543 695 4611 1)
734 4540 1063 4595 Columbam
1100 4540 1311 4595 Thecla
1346 4540 1665 4595 ministram
1702 4557 1864 4593 suam
1902 4538 2184 4610 nominat,
2223 4557 2395 4610 quam
2431 4541 2543 4595 duo
2592 4543 2845 4609 stuprare
2882 4538 3077 4591 volunt

461 4620 593 4690 viri3
632 4621 838 4691 quibus
876 4621 936 4675 in
972 4621 1136 4675 horto
1174 4621 1405 4676 adsistit
1440 4622 1664 4676 sancta:
1714 4619 1794 4683 εἰς
1838 4618 1944 4675 τί.
1986 4663 1997 4676 .
2037 4662 2049 4675 .
2101 4621 2205 4691 τὴν
2250 4620 2581 4690 περιστερὰν
2624 4620 2729 4688 τὴν
2776 4618 2915 4687 ἐμὴν
2955 4660 2965 4672 .
3007 4660 3017 4670 .
3062 4662 3071 4672 .

463 4703 798 4772 διαφθεῖραι
835 4702 1106 4774 βούλεσθε
1144 4704 1254 4758 κτλ.
1296 4708 1380 4771 19,
1412 4707 1531 4757 190.
2024 4704 2078 4772 2)
2116 4702 2186 4757 cf.
2215 4720 2270 4771 p.
2303 4707 2369 4756 63
2391 4719 2470 4769 sq.

2580 4786 2649 4843 7*
