3611 5264
603 402 727 464 118
1760 398 2045 453 Praefatio

597 565 678 627 iis
724 567 1079 628 consonent
1124 585 1286 647 quae
1331 587 1390 627 v.
1431 564 1471 625 2
1517 566 1844 626 secuntur:
1899 574 2119 626 πᾶσαν
2173 560 2283 626 καὶ
2330 567 2693 644 Αἴγυπτον.
2784 559 3012 646 Neque
3058 584 3213 625 vero

599 663 807 726 facere
851 683 1142 745 possum,
1200 663 1356 746 quin
1404 662 1597 724 etiam
1642 659 1703 743 5,
1733 659 1773 722 6
1828 661 2174 744 θήσαυρος
2226 659 2568 744 legendum
2626 680 2762 723 esse
2819 659 3214 723 existimem:

603 759 890 824 clausula
938 758 1318 843 didactylica
1363 759 1586 841 utique
1631 758 1999 841 postulatur
2041 779 2248 840 neque
2293 762 2511 822 tamen
2567 759 2648 821 τὰ
2702 760 3217 843 θησαυρίσματα

599 857 836 921 similia
881 856 1034 920 ferri
1079 861 1368 940 possunt,
1416 858 1584 941 quia,
1630 877 1776 919 cum
1824 856 1931 919 hic
1978 876 2232 939 quoque
2280 877 2441 938 quae
2488 855 2656 918 inter
2702 876 2769 918 se
2823 855 3215 938 respondent

599 955 740 1018 cola
785 977 1049 1038 prorsus
1098 955 1369 1019 eundem
1413 976 1753 1020 numerum
1799 953 2146 1018 exhibeant
2202 953 2594 1037 syllabarum
2608 951 2678 1039 1),
2732 953 2978 1018 nullam
3025 952 3215 1036 sylla-

594 1053 743 1116 bam
798 1051 950 1116 licet
995 1052 1260 1117 adicere.
1352 1051 1620 1117 Accedit
1667 1052 1839 1134 quod
1885 1052 2055 1135 apud
2102 1052 2315 1135 ipsum
2356 1049 2792 1134 Sophronium
2839 1050 3075 1115 similia
3121 1052 3213 1114 in-

593 1151 970 1234 veniuntur:
1015 1172 1165 1214 nam
1212 1151 1279 1214 in
1327 1151 1501 1214 mirr.
1541 1148 1693 1233 Cyri
1740 1152 1803 1213 et
1849 1147 2109 1213 Ioannis
2153 1149 2185 1211 1
2245 1172 2305 1232 p.
2345 1146 2518 1211 3425
2532 1146 2680 1232 GJD
2725 1148 3067 1233 legendum
3116 1152 3214 1212 est

595 1256 792 1312 τοῦτο
843 1245 916 1311 δὲ
960 1242 1047 1329 ’ἦν
1091 1256 1207 1331 τῆς
1252 1248 1472 1312 αὐτῶν
1517 1255 1813 1333 κηρωτῆς
1856 1246 1896 1329 ἡ
1944 1247 2343 1330 πάναλκης
2389 1244 2961 1332 ἐ’μπλαστρος2).

772 1343 1231 1410 Adnotandum
1279 1349 1375 1410 est
1416 1345 1485 1408 in
1521 1345 1735 1408 codice
1773 1343 1845 1407 M
1891 1344 2147 1430 singula
2183 1343 2322 1407 cola
2358 1344 2874 1427 interpunctione
2910 1344 3214 1408 distincta

597 1463 750 1524 esse,
796 1442 863 1505 id
910 1443 1081 1525 quod
1126 1443 1207 1506 iis
1253 1443 1531 1506 maxime
1567 1442 1724 1506 locis
1771 1440 1940 1505 clare
1978 1440 2202 1524 elucet,
2248 1441 2361 1505 ubi
2420 1441 2774 1505 dictionum
2821 1443 3212 1506 constructio

600 1539 845 1603 nullam
908 1541 1492 1624 interpunctionem
1554 1540 1888 1603 desiderat.
1990 1537 2483 1623 Interpungitur
2550 1560 2644 1602 ex.
2700 1560 2793 1624 gr.
2851 1543 2998 1621 post
3059 1544 3213 1624 θρί-

597 1640 811 1721 αμβον
858 1635 992 1723 (12,
1022 1638 1136 1726 23)
1187 1636 1544 1722 συγχέομαι
1583 1633 1717 1722 (13,
1747 1635 1817 1724 8)
1881 1635 2179 1720 ἐκέκτητο
2221 1633 2354 1723 (15,
2383 1634 2455 1723 2)
2515 1636 2941 1719 ὃιατρήσεσιν
2976 1634 3109 1723 (19,
3139 1635 3212 1724 9)

593 1738 984 1812 παλαίοντες
1022 1734 1155 1823 (20,
1186 1735 1254 1824 8)
1332 1739 1602 1821 στόματι
1641 1735 1772 1819 (21,
1803 1731 1873 1819 9)
1944 1735 2140 1816 ἅγιον
2176 1730 2311 1819 (22,
2341 1731 2413 1819 3)
2482 1732 2879 1812 ὃιαπαίξασα
2925 1735 3057 1821 (22,
3100 1732 3212 1821 12)

594 1834 1023 1918 μειδιάματος
1069 1832 1203 1920 (22,
1236 1832 1349 1920 16)
1408 1836 1768 1917 λεγόμενον
1819 1829 1951 1918 (24,
1980 1829 2051 1918 5)
2109 1829 2537 1915 ἐπιρρέουσιν
2575 1828 2708 1917 (25,
2739 1829 2808 1917 3)
2866 1831 3217 1917 πράγματα

601 1926 734 2015 (25,
769 1928 880 2016 10)
941 1933 1343 2016 προείπομεν
1381 1928 1513 2016 (26,
1547 1928 1657 2017 11)
1723 1929 2037 2013 ἁγιότητα
2083 1927 2216 2014 (27,
2254 1926 2344 2015 5).
2437 1928 2575 2004 Qua
2631 1929 2708 1992 de
2763 1951 2832 1993 re
2891 1930 3214 2014 quomodo

601 2027 1014 2091 iudicandum
1076 2029 1161 2091 sit
1214 2031 1288 2091 ut
1342 2028 1571 2091 melius
1631 2028 2070 2113 intellegatur,
2138 2029 2331 2109 caput
2399 2026 2499 2109 19,
2529 2026 2716 2109 9sqq.
2788 2028 3016 2092 ceteris
3078 2049 3214 2091 cor-

600 2125 793 2188 rectis
855 2146 1000 2188 cum
1060 2124 1295 2188 codicis
1342 2124 1412 2187 M
1474 2126 1989 2209 interpunctione
2048 2124 2156 2188 hic
2215 2123 2532 2188 describo:
2592 2128 2691 2199 τίς
2760 2125 3212 2210 διατρήσεσιν·

597 2222 637 2305 ἢ
691 2221 996 2306 ἐξοχάσιν
1043 2221 1509 2308 ἆθεραπεύτως
1553 2234 1795 2305 νοσῶν,
1843 2221 1884 2304 ἢ
1931 2224 2391 2305 ψυχιζόμενος·
2455 2220 2496 2304 ἢ
2541 2219 2652 2285 καὶ
2697 2223 2912 2298 ἄλλως
2947 2224 3216 2306 κάμνων

605 2321 679 2384 τὸ
730 2331 915 2403 σῶμα
961 2317 1070 2384 καὶ
1117 2321 1238 2404 τὴν
1284 2320 1506 2403 ψυχὴν
1551 2323 2037 2404 χειμαζόμενος·
2085 2318 2126 2402 ’ἢ
2181 2329 2489 2403 πυρετοῖς
2532 2320 2938 2402 περιοδικοῖς
2991 2343 3061 2384 τε
3105 2318 3214 2385 καὶ

603 2418 887 2500 φαύλοις
932 2421 1523 2502 καταφλεγόμενος,
1569 2428 1663 2506 τῷ
1707 2421 1876 2506 θείῳ
1921 2418 2136 2504 τούτῳ
2184 2415 2550 2500 πλησιάσας
2606 2439 2745 2493 πως
2802 2420 3084 2503 ἰατρείῳ,
3133 2418 3213 2482 οὐ

599 2515 819 2598 ψυχὴν
874 2511 998 2598 μὲν
1051 2525 1318 2601 πρῶτον
1381 2515 1453 2580 ἐκ
1521 2523 1637 2598 τῆς
1691 2519 1921 2591 κακίας
1976 2514 2443 2600 ἄνεκαθάρθη,
2498 2512 2608 2579 καὶ
2666 2514 2838 2579 οὕτω
2893 2515 2968 2579 τὸ
3028 2526 3216 2599 σῶμα

601 2618 845 2697 πλῆρες
901 2610 1253 2697 ἀπέλαβεν·
1315 2612 1487 2679 οὕτω
1546 2615 1672 2700 γάρ
1732 2609 1914 2698 οἶμαι
1968 2611 2078 2678 καὶ
2137 2612 2465 2698 ἰατρεύειν
2524 2615 2709 2678 Θεόν.
2771 2622 3038 2699 πρῶτον
3091 2608 3216 2697 μὲν

603 2711 726 2793 τὴν
779 2712 1003 2795 ψυχὴν
1061 2713 1293 2776 ἰᾶσθαι
1357 2720 1478 2777 τοῦ
1552 2711 1937 2795 κάμνοντος.
1996 2709 2079 2775 δι’
2150 2711 2236 2794 ἣν
2293 2712 2467 2787 εἰκὸς
2518 2709 2629 2776 καὶ
2684 2712 2758 2776 τὸ
2825 2721 3010 2796 σῶμα
3065 2733 3216 2776 παι-

600 2808 885 2872 δεύεται·
941 2804 1067 2873 εἷθ’
1140 2808 1351 2886 οὕτως
1403 2806 1512 2874 καὶ
1564 2809 1777 2896 τούτῳ
1838 2809 1961 2892 τὴν
2020 2808 2420 2894 ὁλοκληρίαν
2469 2807 2902 2894 παρέχεσθαι·
2959 2810 3072 2874 ἵνα
3124 2811 3214 2893 μὴ
3276 2892 3281 2898 ⁴

603 2907 800 2990 σκάζῃ
837 2908 1000 2970 κατὰ
1044 2903 1252 2989 μηδὲν
1297 2906 1337 2989 ἡ
1387 2905 1699 2972 ἐντέλεια·
1740 2906 1908 2971 ἀλλὰ
1954 2904 2158 2970 πάλιν
2195 2906 2285 2982 ὡς
2330 2904 2459 2971 ἀπὸ
2516 2906 2782 2991 φύσεως
2835 2906 2876 2991 ἢ
2925 2906 3214 2972 ἀναπλά-

600 3019 797 3078 σεως·
845 3002 918 3066 ἐν
964 3007 1320 3087 τελειότητι
1366 3002 1530 3090 μένῃ
1578 3004 1612 3069 ὁ
1662 3006 2046 3090 ἄνθρωπος·

781 3107 1081 3172 Clausula
1127 3108 1509 3192 didactylica
1568 3110 1889 3174 uberrime
1944 3111 2234 3175 adhibita
2277 3111 2402 3175 hoc
2458 3112 2817 3175 encomium
2865 3110 3216 3195 Sophronii

602 3206 1029 3288 temporibus,
1093 3206 1154 3269 h.
1203 3229 1254 3270 e.
1310 3207 1567 3290 septimi
1633 3207 1870 3271 saeculi
1935 3207 2123 3271 initio
2133 3259 2151 3290 ,
2212 3208 2703 3273 adscribendum
2771 3231 2908 3273 esse
2963 3210 3215 3292 probat.
3312 3288 3315 3289 ⁷

610 3302 899 3379 Quocum
974 3304 1322 3369 concinunt
1394 3326 1557 3388 quae
1633 3304 1742 3388 10,
1786 3305 1869 3368 12
1882 3327 2016 3390 sqq.
2095 3306 2424 3391 leguntur,
2505 3307 2619 3370 ubi
2696 3311 2921 3373 auctor
2992 3309 3218 3373 adorat

603 3405 974 3485 martyrem:
1033 3411 1282 3485 στῆσον
1335 3403 1457 3486 τὴν
1515 3401 1667 3467 καθ’
1736 3403 1925 3486 ἡμῶν
1980 3402 2259 3487 ἀπειλὴν
2324 3413 2460 3468 τῶν
2522 3403 2882 3488 βαρβάρων
2935 3407 3218 3491 θραύων

604 3500 683 3563 τὰ
749 3501 1100 3585 φράγματα
1166 3552 1179 3564 .
1251 3552 1261 3564 .
1331 3552 1343 3565 .
1409 3550 1423 3564 .
1489 3502 1782 3583 ἄλγησον
1863 3498 1973 3564 καὶ
2054 3510 2184 3565 νῦν
2264 3497 2430 3586 ὑπὲρ
2513 3511 2914 3585 χριστιανῶν
2994 3509 3217 3568 ταλαι-

604 3596 1055 3679 πωρουμένων
1136 3601 1469 3665 κυκλόθεν
1549 3608 1688 3674 τοῖς
1765 3599 2027 3680 ἔθνεσι,
2101 3603 2356 3680 μᾶλλον
2430 3594 2504 3662 δὲ
2589 3599 3032 3683 συμπάθησον
3103 3600 3216 3666 καὶ

604 3694 881 3770 σώσειας
927 3697 1125 3760 πόλιν
1172 3697 1265 3770 εἰς
1301 3695 1386 3777 ἣν
1424 3695 1853 3780 ἐνεδήμησας;
1890 3695 1967 3759 cf.
2007 3696 2111 3779 28,
2144 3696 2226 3759 12
2245 3719 2379 3781 sqq.
2452 3694 2644 3760 Anno
2684 3697 2814 3761 626
2854 3695 3218 3763 Constanti-

604 3789 861 3872 nopolis
909 3794 1079 3854 terra
1124 3790 1409 3873 marique
1457 3792 1535 3855 ab
1574 3789 1896 3856 Avaribus
1936 3797 1999 3858 et
2037 3792 2280 3858 Sclavis
2320 3795 2831 3879 oppugnabatur,
2877 3795 3029 3858 dum
3066 3796 3216 3860 Per-

606 3910 822 3950 sarum
883 3910 997 3951 rex
1056 3889 1137 3951 ad
1200 3886 1663 3953 Chalcedonem
1726 3893 1823 3953 est
1883 3892 1950 3953 in
2008 3891 2199 3956 litore
2258 3891 2546 3956 Asiatico
2609 3892 2716 3980 (cf.
2768 3892 2990 3957 Gelzer
3043 3894 3216 3976 apud

604 3984 1158 4049 Krumbacherum
1214 3985 1365 4069 Byz.
1420 3984 1861 4051 Litt.-Gesch.2
1914 4011 1974 4071 p.
2014 3986 2200 4075 949);
2265 4011 2390 4071 qua
2454 4012 2598 4054 cum
2653 4012 2722 4054 re
2777 3991 2885 4054 ille
2942 3992 3215 4055 encomii

602 4079 782 4238 {oc-us
832 4083 1073 4164 optime
1119 4083 1432 4168 congruit.
1527 4082 1767 4147 Censeo
1815 4085 2015 4171 igitur
2062 4087 2188 4170 ipsi
2235 4109 2402 4151 anno
2450 4085 2579 4150 626
2629 4089 2987 4152 encomium
3035 4090 3217 4151 attri-

652 4199 719 4239 111
764 4199 968 4260 posse.

784 4441 835 4508 1)
871 4448 982 4494 τῶν
1018 4438 1295 4510 ἡμετέρων
1332 4454 1528 4515 ψυχῶν
1564 4443 1634 4498 τὰ
1670 4443 1974 4515 καθάρσια,
2007 4448 2016 4518 Ι
2046 4455 2158 4501 τῶν
2200 4445 2362 4514 ἱερῶν
2408 4447 2761 4518 χαρισμάτων
2808 4449 2838 4503 ὁ
2885 4448 3210 4517 θήσαυροςι

602 4518 695 4571 1110
732 4518 850 4574 11116
888 4521 1156 4588 quattuor
1192 4522 1420 4591 dactyli.

783 4601 834 4667 2)
872 4599 1115 4669 Relegat
1155 4618 1244 4654 me
1289 4602 1702 4657 Radermacher
1748 4603 1921 4658 etiam
1969 4606 2042 4658 ad
2087 4605 2511 4660 Testamentum
2560 4607 2808 4662 Abraam
2855 4607 3045 4678 (Texts
3095 4610 3216 4663 and

611 4678 826 4732 studies
865 4679 1274 4734 contributions
1321 4683 1381 4736 to
1417 4682 1653 4736 biblica]
1693 4684 1804 4736 and
1840 4683 2098 4753 patristic
2143 4684 2435 4740 literature
2473 4685 2664 4740 edited
2709 4686 2785 4756 by
2823 4688 2870 4741 J.
2910 4686 3213 4758 Armitage

605 4756 893 4812 Robinson
930 4760 1034 4816 vol.
1063 4760 1115 4814 ΙΙ
1149 4779 1238 4815 110.
1271 4762 1341 4831 2),
1379 4762 1479 4815 ubi
1514 4781 1567 4832 p.
1601 4768 1686 4831 90,
1708 4769 1774 4817 23
1812 4763 2021 4833 legitur
2057 4764 2397 4833 θαύμαστος.
