<?xml version="1.0" encoding="UTF-8"?>
<!DOCTYPE html PUBLIC "-//W3C//DTD XHTML 1.0 Transitional//EN"
    "http://www.w3.org/TR/xhtml1/DTD/xhtml1-transitional.dtd">
<html xmlns="http://www.w3.org/1999/xhtml" xml:lang="en" lang="en">
 <head>
  <title>
</title>
<meta http-equiv="Content-Type" content="text/html;charset=utf-8" />
  <meta name='ocr-system' content='tesseract 3.04.00' />
  <meta name='ocr-capabilities' content='ocr_page ocr_carea ocr_par ocr_line ocrx_word'/>
</head>
<body>
  <div class='ocr_page' id='page_1' title='image "./deincubationeca02deubgoog_0076.png"; bbox 0 0 3611 5264; ppageno 0'>
   <div class='ocr_carea' id='block_1_1' title="bbox 573 337 2037 407">
    <p class='ocr_par' dir='ltr' id='par_1_1' title="bbox 573 337 2037 407">
     <span class='ocr_line' id='line_1_1' title="bbox 573 337 2037 407; baseline -0.008 -3"><span class='ocrx_word' id='word_1_1' title='bbox 573 340 659 404; x_wconf 85' lang='grc'>64</span> <span class='ocrx_word' id='word_1_2' title='bbox 1727 337 1910 407; x_wconf 85' lang='lat' dir='ltr'>Caput</span> <span class='ocrx_word' id='word_1_3' title='bbox 1945 337 2037 393; x_wconf 89' lang='lat' dir='ltr'>IV.</span> 
     </span>
    </p>
   </div>
   <div class='ocr_carea' id='block_1_2' title="bbox 571 500 3188 980">
    <p class='ocr_par' dir='ltr' id='par_1_2' title="bbox 571 500 3188 980">
     <span class='ocr_line' id='line_1_2' title="bbox 571 500 3186 584; baseline -0 -16"><span class='ocrx_word' id='word_1_4' title='bbox 571 505 741 568; x_wconf 85' lang='lat' dir='ltr'>suit.</span> <span class='ocrx_word' id='word_1_5' title='bbox 789 506 1100 568; x_wconf 59' lang='lat' dir='ltr'>wan-sacto</span> <span class='ocrx_word' id='word_1_6' title='bbox 1145 506 1350 567; x_wconf 78' lang='lat' dir='ltr'>autem</span> <span class='ocrx_word' id='word_1_7' title='bbox 1396 505 1658 583; x_wconf 76' lang='lat' dir='ltr'>tempore</span> <span class='ocrx_word' id='word_1_8' title='bbox 1701 501 1941 565; x_wconf 88' lang='lat' dir='ltr'>mediae</span> <span class='ocrx_word' id='word_1_9' title='bbox 1983 501 2179 580; x_wconf 74' lang='lat' dir='ltr'>noetis</span> <span class='ocrx_word' id='word_1_10' title='bbox 2222 500 2601 566; x_wconf 82' lang='lat' dir='ltr'><strong><em>obdormivit.</em></strong></span> <span class='ocrx_word' id='word_1_11' title='bbox 2648 502 2759 584; x_wconf 77' lang='lat' dir='ltr'>qui</span> <span class='ocrx_word' id='word_1_12' title='bbox 2803 523 2941 568; x_wconf 85' lang='lat' dir='ltr'>eum</span> <span class='ocrx_word' id='word_1_13' title='bbox 2984 503 3186 568; x_wconf 82' lang='lat' dir='ltr'>neseio</span> 
     </span>
     <span class='ocr_line' id='line_1_3' title="bbox 577 599 3185 684; baseline 0 -19"><span class='ocrx_word' id='word_1_14' title='bbox 577 601 730 683; x_wconf 77' lang='lat' dir='ltr'>quid</span> <span class='ocrx_word' id='word_1_15' title='bbox 762 621 883 683; x_wconf 77' lang='lat' dir='ltr'>per</span> <span class='ocrx_word' id='word_1_16' title='bbox 925 602 1128 665; x_wconf 83' lang='lat' dir='ltr'>visum</span> <span class='ocrx_word' id='word_1_17' title='bbox 1162 599 1435 682; x_wconf 76' lang='lat' dir='ltr'>periculi</span> <span class='ocrx_word' id='word_1_18' title='bbox 1476 603 1758 676; x_wconf 78' lang='lat' dir='ltr'>cerneret,</span> <span class='ocrx_word' id='word_1_19' title='bbox 1791 620 2028 680; x_wconf 75' lang='lat' dir='ltr'>pavore</span> <span class='ocrx_word' id='word_1_20' title='bbox 2072 600 2436 665; x_wconf 66' lang='lat' dir='ltr'>conterritus</span> <span class='ocrx_word' id='word_1_21' title='bbox 2479 601 2552 664; x_wconf 81' lang='lat' dir='ltr'>iu</span> <span class='ocrx_word' id='word_1_22' title='bbox 2585 600 2703 665; x_wconf 80' lang='lat' dir='ltr'>hae</span> <span class='ocrx_word' id='word_1_23' title='bbox 2738 622 2877 666; x_wconf 86' lang='lat' dir='ltr'>voee</span> <span class='ocrx_word' id='word_1_24' title='bbox 2900 602 3185 684; x_wconf 76' lang='lat' dir='ltr'>primum</span> 
     </span>
     <span class='ocr_line' id='line_1_4' title="bbox 573 695 3188 782; baseline 0.001 -20"><span class='ocrx_word' id='word_1_25' title='bbox 573 719 640 763; x_wconf 84' lang='lat' dir='ltr'>os</span> <span class='ocrx_word' id='word_1_26' title='bbox 685 699 1028 763; x_wconf 80' lang='lat' dir='ltr'>obseratum</span> <span class='ocrx_word' id='word_1_27' title='bbox 1072 698 1348 781; x_wconf 67' lang='lat' dir='ltr'>aperuit:</span> <span class='ocrx_word' id='word_1_28' title='bbox 1395 695 1638 762; x_wconf 76' lang='lat' dir='ltr'>‘domne</span> <span class='ocrx_word' id='word_1_29' title='bbox 1682 695 1996 776; x_wconf 70' lang='lat' dir='ltr'>Most-tine,</span> <span class='ocrx_word' id='word_1_30' title='bbox 2043 697 2236 762; x_wconf 80' lang='lat' dir='ltr'>libera</span> <span class='ocrx_word' id='word_1_31' title='bbox 2288 696 2444 763; x_wconf 89' lang='lat' dir='ltr'>me!&#39;</span> <span class='ocrx_word' id='word_1_32' title='bbox 2498 702 2558 763; x_wconf 83' lang='lat' dir='ltr'>et</span> <span class='ocrx_word' id='word_1_33' title='bbox 2608 700 2699 764; x_wconf 83' lang='lat' dir='ltr'>sie</span> <span class='ocrx_word' id='word_1_34' title='bbox 2742 720 3066 782; x_wconf 77' lang='lat' dir='ltr'>erumpens</span> <span class='ocrx_word' id='word_1_35' title='bbox 3109 699 3188 764; x_wconf 82' lang='lat' dir='ltr'>ab</span> 
     </span>
     <span class='ocr_line' id='line_1_5' title="bbox 575 795 3188 880; baseline 0.001 -20"><span class='ocrx_word' id='word_1_36' title='bbox 575 818 678 860; x_wconf 81' lang='lat' dir='ltr'>ore</span> <span class='ocrx_word' id='word_1_37' title='bbox 722 802 779 860; x_wconf 80' lang='lat' dir='ltr'>et</span> <span class='ocrx_word' id='word_1_38' title='bbox 817 797 1107 879; x_wconf 76' lang='lat' dir='ltr'>foeucibus</span> <span class='ocrx_word' id='word_1_39' title='bbox 1151 797 1284 861; x_wconf 81' lang='lat' dir='ltr'>eius</span> <span class='ocrx_word' id='word_1_40' title='bbox 1327 795 1587 878; x_wconf 71' lang='lat' dir='ltr'>sanquis</span> <span class='ocrx_word' id='word_1_41' title='bbox 1630 795 1916 860; x_wconf 84' lang='lat' dir='ltr'>auditum</span> <span class='ocrx_word' id='word_1_42' title='bbox 1957 796 2199 879; x_wconf 80' lang='lat' dir='ltr'>pariter</span> <span class='ocrx_word' id='word_1_43' title='bbox 2242 796 2664 879; x_wconf 76' lang='lat' dir='ltr'><em>eloquiumque</em></span> <span class='ocrx_word' id='word_1_44' title='bbox 2706 799 2980 880; x_wconf 68' lang='lat' dir='ltr'>recepitf‘</span> <span class='ocrx_word' id='word_1_45' title='bbox 3068 795 3188 863; x_wconf 93' lang='lat' dir='ltr'>In-</span> 
     </span>
     <span class='ocr_line' id='line_1_6' title="bbox 581 891 3188 980; baseline 0.001 -22"><span class='ocrx_word' id='word_1_46' title='bbox 581 895 786 959; x_wconf 83' lang='lat' dir='ltr'>vitus</span> <span class='ocrx_word' id='word_1_47' title='bbox 851 894 1054 980; x_wconf 85' lang='lat' dir='ltr'>igitur</span> <span class='ocrx_word' id='word_1_48' title='bbox 1117 893 1510 959; x_wconf 76' lang='lat' dir='ltr'><strong>obdormivit</strong></span> <span class='ocrx_word' id='word_1_49' title='bbox 1574 897 1891 978; x_wconf 85' lang='lat' dir='ltr'>aegrotus.</span> <span class='ocrx_word' id='word_1_50' title='bbox 1995 891 2284 969; x_wconf 85' lang='lat' dir='ltr'>Quocum</span> <span class='ocrx_word' id='word_1_51' title='bbox 2348 915 2481 958; x_wconf 95' lang='lat' dir='ltr'>non</span> <span class='ocrx_word' id='word_1_52' title='bbox 2543 899 2818 980; x_wconf 86' lang='lat' dir='ltr'>pugnat,</span> <span class='ocrx_word' id='word_1_53' title='bbox 2883 895 3056 980; x_wconf 92' lang='lat' dir='ltr'>quod</span> <span class='ocrx_word' id='word_1_54' title='bbox 3120 896 3188 960; x_wconf 90' lang='lat' dir='ltr'>in</span> 
     </span>
    </p>
   </div>
   <div class='ocr_carea' id='block_1_3' title="bbox 457 987 3185 1058">
    <p class='ocr_par' dir='ltr' id='par_1_3' title="bbox 457 987 3185 1058">
     <span class='ocr_line' id='line_1_7' title="bbox 457 987 3185 1058; baseline 0 -2"><span class='ocrx_word' id='word_1_55' title='bbox 457 987 463 993; x_wconf 73' lang='grc'>’</span> <span class='ocrx_word' id='word_1_56' title='bbox 578 993 805 1057; x_wconf 90' lang='lat' dir='ltr'>eodem</span> <span class='ocrx_word' id='word_1_57' title='bbox 853 1013 1032 1057; x_wconf 87' lang='lat' dir='ltr'>sacro</span> <span class='ocrx_word' id='word_1_58' title='bbox 1080 1014 1128 1057; x_wconf 95' lang='lat' dir='ltr'>s.</span> <span class='ocrx_word' id='word_1_59' title='bbox 1175 991 1442 1056; x_wconf 81' lang='lat' dir='ltr'>Martini</span> <span class='ocrx_word' id='word_1_60' title='bbox 1498 990 1975 1055; x_wconf 92' lang='lat' dir='ltr'>incubationem</span> <span class='ocrx_word' id='word_1_61' title='bbox 2032 991 2336 1055; x_wconf 88' lang='lat' dir='ltr'>usitatam</span> <span class='ocrx_word' id='word_1_62' title='bbox 2391 991 2590 1056; x_wconf 82' lang='lat' dir='ltr'>fuisse</span> <span class='ocrx_word' id='word_1_63' title='bbox 2646 1015 2681 1056; x_wconf 87' lang='lat' dir='ltr'>e</span> <span class='ocrx_word' id='word_1_64' title='bbox 2737 993 2985 1057; x_wconf 93' lang='lat' dir='ltr'>duobus</span> <span class='ocrx_word' id='word_1_65' title='bbox 3042 993 3185 1058; x_wconf 90' lang='lat' dir='ltr'>aliis</span> 
     </span>
    </p>
   </div>
   <div class='ocr_carea' id='block_1_4' title="bbox 572 1087 3192 1962">
    <p class='ocr_par' dir='ltr' id='par_1_4' title="bbox 572 1087 3192 1962">
     <span class='ocr_line' id='line_1_8' title="bbox 578 1087 3189 1176; baseline 0 -22"><span class='ocrx_word' id='word_1_66' title='bbox 578 1090 903 1156; x_wconf 82' lang='lat' dir='ltr'><strong>miraculis</strong></span> <span class='ocrx_word' id='word_1_67' title='bbox 941 1114 979 1155; x_wconf 91' lang='lat' dir='ltr'>a</span> <span class='ocrx_word' id='word_1_68' title='bbox 1016 1088 1326 1176; x_wconf 82' lang='lat' dir='ltr'>Gregorio</span> <span class='ocrx_word' id='word_1_69' title='bbox 1364 1088 1585 1154; x_wconf 87' lang='lat' dir='ltr'>relatis</span> <span class='ocrx_word' id='word_1_70' title='bbox 1632 1110 1831 1174; x_wconf 89' lang='lat' dir='ltr'>supra</span> <span class='ocrx_word' id='word_1_71' title='bbox 1876 1087 1963 1175; x_wconf 87' lang='lat' dir='ltr'>(p.</span> <span class='ocrx_word' id='word_1_72' title='bbox 1993 1088 2079 1153; x_wconf 86' lang='lat'>59</span> <span class='ocrx_word' id='word_1_73' title='bbox 2093 1087 2214 1175; x_wconf 88' lang='lat' dir='ltr'>sq.)</span> <span class='ocrx_word' id='word_1_74' title='bbox 2253 1089 2711 1155; x_wconf 79' lang='lat' dir='ltr'>conclusimus:</span> <span class='ocrx_word' id='word_1_75' title='bbox 2761 1091 2983 1167; x_wconf 89' lang='lat' dir='ltr'>eodem</span> <span class='ocrx_word' id='word_1_76' title='bbox 3029 1095 3189 1155; x_wconf 86' lang='lat' dir='ltr'>tem-</span> 
     </span>
     <span class='ocr_line' id='line_1_9' title="bbox 576 1185 3188 1274; baseline -0 -21"><span class='ocrx_word' id='word_1_77' title='bbox 576 1211 733 1273; x_wconf 85' lang='lat' dir='ltr'>pore</span> <span class='ocrx_word' id='word_1_78' title='bbox 797 1193 1143 1274; x_wconf 89' lang='lat' dir='ltr'>utrumque</span> <span class='ocrx_word' id='word_1_79' title='bbox 1198 1187 1656 1252; x_wconf 84' lang='lat' dir='ltr'>miraculorum</span> <span class='ocrx_word' id='word_1_80' title='bbox 1721 1208 1924 1272; x_wconf 85' lang='lat' dir='ltr'>genus</span> <span class='ocrx_word' id='word_1_81' title='bbox 1987 1186 2216 1251; x_wconf 90' lang='lat' dir='ltr'>florere</span> <span class='ocrx_word' id='word_1_82' title='bbox 2281 1186 2513 1272; x_wconf 81' lang='lat' dir='ltr'>potuit.</span> <span class='ocrx_word' id='word_1_83' title='bbox 2607 1185 2715 1252; x_wconf 86' lang='lat' dir='ltr'>Sic</span> <span class='ocrx_word' id='word_1_84' title='bbox 2769 1187 2964 1252; x_wconf 91' lang='lat' dir='ltr'>etiam</span> <span class='ocrx_word' id='word_1_85' title='bbox 3019 1188 3188 1274; x_wconf 87' lang='lat' dir='ltr'>apud</span> 
     </span>
     <span class='ocr_line' id='line_1_10' title="bbox 574 1284 3186 1372; baseline 0.001 -23"><span class='ocrx_word' id='word_1_86' title='bbox 574 1286 885 1372; x_wconf 83' lang='lat' dir='ltr'>Eligium,</span> <span class='ocrx_word' id='word_1_87' title='bbox 932 1287 1010 1351; x_wconf 88' lang='lat' dir='ltr'>de</span> <span class='ocrx_word' id='word_1_88' title='bbox 1058 1308 1185 1372; x_wconf 91' lang='lat' dir='ltr'>quo</span> <span class='ocrx_word' id='word_1_89' title='bbox 1232 1309 1294 1371; x_wconf 90' lang='lat' dir='ltr'>p.</span> <span class='ocrx_word' id='word_1_90' title='bbox 1331 1285 1417 1349; x_wconf 84' lang='lat'>59</span> <span class='ocrx_word' id='word_1_91' title='bbox 1466 1286 1733 1372; x_wconf 88' lang='lat' dir='ltr'>egimus,</span> <span class='ocrx_word' id='word_1_92' title='bbox 1779 1286 1849 1349; x_wconf 93' lang='lat' dir='ltr'>in</span> <span class='ocrx_word' id='word_1_93' title='bbox 1884 1284 2125 1370; x_wconf 84' lang='lat' dir='ltr'>vigiliis</span> <span class='ocrx_word' id='word_1_94' title='bbox 2162 1284 2455 1349; x_wconf 91' lang='lat' dir='ltr'>homines</span> <span class='ocrx_word' id='word_1_95' title='bbox 2494 1286 2896 1370; x_wconf 75' lang='lat' dir='ltr'>curabantur,</span> <span class='ocrx_word' id='word_1_96' title='bbox 2933 1286 3011 1351; x_wconf 88' lang='lat' dir='ltr'>cf.</span> <span class='ocrx_word' id='word_1_97' title='bbox 3051 1286 3186 1351; x_wconf 91' lang='lat' dir='ltr'>eius</span> 
     </span>
     <span class='ocr_line' id='line_1_11' title="bbox 576 1382 3192 1471; baseline 0.001 -23"><span class='ocrx_word' id='word_1_98' title='bbox 576 1385 778 1449; x_wconf 85' lang='lat' dir='ltr'>vitam</span> <span class='ocrx_word' id='word_1_99' title='bbox 822 1383 887 1449; x_wconf 94' lang='grc' dir='ltr'>ΙΙ</span> <span class='ocrx_word' id='word_1_100' title='bbox 930 1386 1011 1450; x_wconf 81' lang='lat'>79</span> <span class='ocrx_word' id='word_1_101' title='bbox 1058 1384 1280 1471; x_wconf 84' lang='lat' dir='ltr'>Migne</span> <span class='ocrx_word' id='word_1_102' title='bbox 1326 1387 1370 1448; x_wconf 91' lang='lat' dir='ltr'>t.</span> <span class='ocrx_word' id='word_1_103' title='bbox 1410 1384 1492 1448; x_wconf 81' lang='lat'>87</span> <span class='ocrx_word' id='word_1_104' title='bbox 1543 1407 1602 1468; x_wconf 90' lang='lat' dir='ltr'>p.</span> <span class='ocrx_word' id='word_1_105' title='bbox 1641 1382 1766 1447; x_wconf 85' lang='lat'>591</span> <span class='ocrx_word' id='word_1_106' title='bbox 1791 1382 1875 1447; x_wconf 90' lang='lat' dir='ltr'>B:</span> <span class='ocrx_word' id='word_1_107' title='bbox 1930 1384 2232 1466; x_wconf 77' lang='lat' dir='ltr'>„quotidie</span> <span class='ocrx_word' id='word_1_108' title='bbox 2284 1384 2556 1466; x_wconf 75' lang='lat' dir='ltr'>undique</span> <span class='ocrx_word' id='word_1_109' title='bbox 2609 1386 2783 1468; x_wconf 74' lang='lat' dir='ltr'>aeyri</span> <span class='ocrx_word' id='word_1_110' title='bbox 2836 1386 3092 1450; x_wconf 77' lang='lat' dir='ltr'>veniunt</span> <span class='ocrx_word' id='word_1_111' title='bbox 3132 1390 3192 1450; x_wconf 83' lang='lat' dir='ltr'>et</span> 
     </span>
     <span class='ocr_line' id='line_1_12' title="bbox 572 1479 3187 1570; baseline 0 -23"><span class='ocrx_word' id='word_1_112' title='bbox 572 1483 664 1547; x_wconf 85' lang='lat' dir='ltr'>ibi</span> <span class='ocrx_word' id='word_1_113' title='bbox 719 1485 1162 1548; x_wconf 77' lang='lat' dir='ltr'>eoeeubantes</span> <span class='ocrx_word' id='word_1_114' title='bbox 1206 1486 1568 1548; x_wconf 57' lang='lat' dir='ltr'>sanauiwr‘fi</span> <span class='ocrx_word' id='word_1_115' title='bbox 1615 1481 1695 1545; x_wconf 86' lang='lat' dir='ltr'>cf.</span> <span class='ocrx_word' id='word_1_116' title='bbox 1731 1481 1816 1545; x_wconf 95' lang='lat' dir='ltr'>ib.</span> <span class='ocrx_word' id='word_1_117' title='bbox 1853 1479 1919 1544; x_wconf 88' lang='lat' dir='ltr'>II</span> <span class='ocrx_word' id='word_1_118' title='bbox 1961 1482 2041 1544; x_wconf 80' lang='lat'>72</span> <span class='ocrx_word' id='word_1_119' title='bbox 2080 1504 2139 1566; x_wconf 90' lang='lat' dir='ltr'>p.</span> <span class='ocrx_word' id='word_1_120' title='bbox 2178 1480 2309 1546; x_wconf 80' lang='lat'>588</span> <span class='ocrx_word' id='word_1_121' title='bbox 2330 1480 2407 1546; x_wconf 91' lang='lat' dir='ltr'>A.</span> <span class='ocrx_word' id='word_1_122' title='bbox 2484 1481 2820 1548; x_wconf 86' lang='lat' dir='ltr'>Somnium</span> <span class='ocrx_word' id='word_1_123' title='bbox 2860 1487 2925 1547; x_wconf 89' lang='lat' dir='ltr'>et</span> <span class='ocrx_word' id='word_1_124' title='bbox 2964 1483 3187 1570; x_wconf 84' lang='lat' dir='ltr'>vigilia</span> 
     </span>
     <span class='ocr_line' id='line_1_13' title="bbox 576 1576 3179 1666; baseline 0 -21"><span class='ocrx_word' id='word_1_125' title='bbox 576 1582 1047 1665; x_wconf 88' lang='lat' dir='ltr'>quodammodo</span> <span class='ocrx_word' id='word_1_126' title='bbox 1113 1581 1593 1666; x_wconf 83' lang='lat' dir='ltr'>coniunguntur</span> <span class='ocrx_word' id='word_1_127' title='bbox 1655 1579 1826 1665; x_wconf 87' lang='lat' dir='ltr'>apud</span> <span class='ocrx_word' id='word_1_128' title='bbox 1891 1576 2077 1665; x_wconf 83' lang='lat' dir='ltr'>Greg.</span> <span class='ocrx_word' id='word_1_129' title='bbox 2133 1579 2281 1644; x_wconf 86' lang='lat' dir='ltr'>Tur.</span> <span class='ocrx_word' id='word_1_130' title='bbox 2344 1581 2422 1644; x_wconf 91' lang='lat' dir='ltr'>de</span> <span class='ocrx_word' id='word_1_131' title='bbox 2478 1581 2621 1645; x_wconf 85' lang='lat' dir='ltr'>virt.</span> <span class='ocrx_word' id='word_1_132' title='bbox 2670 1604 2716 1646; x_wconf 93' lang='lat' dir='ltr'>s.</span> <span class='ocrx_word' id='word_1_133' title='bbox 2764 1581 2952 1647; x_wconf 87' lang='lat' dir='ltr'>Mart.</span> <span class='ocrx_word' id='word_1_134' title='bbox 2999 1581 3062 1645; x_wconf 91' lang='lat' dir='ltr'>H</span> <span class='ocrx_word' id='word_1_135' title='bbox 3099 1582 3179 1646; x_wconf 89' lang='lat'>31</span> 
     </span>
     <span class='ocr_line' id='line_1_14' title="bbox 578 1677 3185 1766; baseline 0 -23"><span class='ocrx_word' id='word_1_136' title='bbox 578 1702 639 1764; x_wconf 90' lang='lat' dir='ltr'>p.</span> <span class='ocrx_word' id='word_1_137' title='bbox 679 1679 836 1764; x_wconf 80' lang='lat'>620,</span> <span class='ocrx_word' id='word_1_138' title='bbox 890 1680 1005 1743; x_wconf 92' lang='lat' dir='ltr'>ubi</span> <span class='ocrx_word' id='word_1_139' title='bbox 1059 1680 1137 1744; x_wconf 87' lang='lat' dir='ltr'>de</span> <span class='ocrx_word' id='word_1_140' title='bbox 1192 1679 1460 1743; x_wconf 87' lang='lat' dir='ltr'>muliere</span> <span class='ocrx_word' id='word_1_141' title='bbox 1514 1677 1729 1764; x_wconf 86' lang='lat' dir='ltr'>agitur</span> <span class='ocrx_word' id='word_1_142' title='bbox 1781 1678 2078 1742; x_wconf 84' lang='lat' dir='ltr'>manibus</span> <span class='ocrx_word' id='word_1_143' title='bbox 2134 1699 2208 1742; x_wconf 88' lang='lat' dir='ltr'>ac</span> <span class='ocrx_word' id='word_1_144' title='bbox 2270 1679 2540 1763; x_wconf 91' lang='lat' dir='ltr'>pedibus</span> <span class='ocrx_word' id='word_1_145' title='bbox 2596 1683 2950 1766; x_wconf 86' lang='lat' dir='ltr'>contracta3</span> <span class='ocrx_word' id='word_1_146' title='bbox 3005 1681 3185 1744; x_wconf 89' lang='lat' dir='ltr'>cuius</span> 
     </span>
     <span class='ocr_line' id='line_1_15' title="bbox 575 1776 3185 1862; baseline 0 -21"><span class='ocrx_word' id='word_1_147' title='bbox 575 1778 772 1861; x_wconf 87' lang='lat' dir='ltr'>pedes</span> <span class='ocrx_word' id='word_1_148' title='bbox 828 1783 894 1842; x_wconf 88' lang='lat' dir='ltr'>et</span> <span class='ocrx_word' id='word_1_149' title='bbox 949 1779 1151 1842; x_wconf 88' lang='lat' dir='ltr'>altera</span> <span class='ocrx_word' id='word_1_150' title='bbox 1204 1799 1431 1842; x_wconf 92' lang='lat' dir='ltr'>manus</span> <span class='ocrx_word' id='word_1_151' title='bbox 1487 1800 1526 1841; x_wconf 88' lang='lat' dir='ltr'>a</span> <span class='ocrx_word' id='word_1_152' title='bbox 1580 1780 1800 1840; x_wconf 89' lang='lat' dir='ltr'>sancto</span> <span class='ocrx_word' id='word_1_153' title='bbox 1867 1776 2043 1841; x_wconf 81' lang='lat' dir='ltr'>domi</span> <span class='ocrx_word' id='word_1_154' title='bbox 2116 1798 2233 1861; x_wconf 97' lang='lat' dir='ltr'>per</span> <span class='ocrx_word' id='word_1_155' title='bbox 2296 1799 2593 1842; x_wconf 93' lang='lat' dir='ltr'>somnum</span> <span class='ocrx_word' id='word_1_156' title='bbox 2659 1779 2799 1844; x_wconf 85' lang='lat' dir='ltr'>viso</span> <span class='ocrx_word' id='word_1_157' title='bbox 2864 1782 3185 1862; x_wconf 73' lang='lat' dir='ltr'>curantur,</span> 
     </span>
     <span class='ocr_line' id='line_1_16' title="bbox 579 1875 3186 1962; baseline 0.002 -24"><span class='ocrx_word' id='word_1_158' title='bbox 579 1877 781 1940; x_wconf 86' lang='lat' dir='ltr'>altera</span> <span class='ocrx_word' id='word_1_159' title='bbox 826 1898 977 1941; x_wconf 85' lang='lat' dir='ltr'>vero</span> <span class='ocrx_word' id='word_1_160' title='bbox 1015 1899 1129 1961; x_wconf 90' lang='lat' dir='ltr'>per</span> <span class='ocrx_word' id='word_1_161' title='bbox 1167 1876 1455 1962; x_wconf 82' lang='lat' dir='ltr'>vigiliam</span> <span class='ocrx_word' id='word_1_162' title='bbox 1494 1875 1563 1939; x_wconf 91' lang='lat' dir='ltr'>in</span> <span class='ocrx_word' id='word_1_163' title='bbox 1596 1875 1864 1939; x_wconf 87' lang='lat' dir='ltr'>basilica</span> <span class='ocrx_word' id='word_1_164' title='bbox 1899 1875 2055 1959; x_wconf 87' lang='lat' dir='ltr'>ipsa,</span> <span class='ocrx_word' id='word_1_165' title='bbox 2103 1896 2231 1959; x_wconf 91' lang='lat' dir='ltr'>quo</span> <span class='ocrx_word' id='word_1_166' title='bbox 2271 1875 2522 1939; x_wconf 81' lang='lat' dir='ltr'>somnio</span> <span class='ocrx_word' id='word_1_167' title='bbox 2560 1876 2890 1942; x_wconf 84' lang='lat' dir='ltr'>admonita</span> <span class='ocrx_word' id='word_1_168' title='bbox 2934 1899 3002 1941; x_wconf 88' lang='lat' dir='ltr'>se</span> <span class='ocrx_word' id='word_1_169' title='bbox 3039 1898 3186 1942; x_wconf 92' lang='lat' dir='ltr'>con-</span> 
     </span>
    </p>
   </div>
   <div class='ocr_carea' id='block_1_5' title="bbox 577 1972 3294 2059">
    <p class='ocr_par' dir='ltr' id='par_1_5' title="bbox 577 1972 3294 2059">
     <span class='ocr_line' id='line_1_17' title="bbox 577 1972 3294 2059; baseline 0.001 -23"><span class='ocrx_word' id='word_1_170' title='bbox 577 1973 748 2037; x_wconf 93' lang='lat' dir='ltr'>tulit.</span> <span class='ocrx_word' id='word_1_171' title='bbox 843 1972 1004 2038; x_wconf 86' lang='lat' dir='ltr'>Cum</span> <span class='ocrx_word' id='word_1_172' title='bbox 1056 1974 1133 2037; x_wconf 90' lang='lat' dir='ltr'>de</span> <span class='ocrx_word' id='word_1_173' title='bbox 1187 1973 1429 2059; x_wconf 84' lang='lat' dir='ltr'>vigiliis</span> <span class='ocrx_word' id='word_1_174' title='bbox 1485 1995 1778 2059; x_wconf 85' lang='lat' dir='ltr'>agamus,</span> <span class='ocrx_word' id='word_1_175' title='bbox 1832 1975 1965 2037; x_wconf 95' lang='lat' dir='ltr'>non</span> <span class='ocrx_word' id='word_1_176' title='bbox 2009 1974 2550 2058; x_wconf 79' lang='lat' dir='ltr'>praetermiserim</span> <span class='ocrx_word' id='word_1_177' title='bbox 2598 1996 2644 2038; x_wconf 94' lang='lat' dir='ltr'>s.</span> <span class='ocrx_word' id='word_1_178' title='bbox 2692 1974 2868 2040; x_wconf 89' lang='lat' dir='ltr'>Fidis</span> <span class='ocrx_word' id='word_1_179' title='bbox 2914 1997 3187 2040; x_wconf 93' lang='lat' dir='ltr'>comme-</span> <span class='ocrx_word' id='word_1_180' title='bbox 3289 2042 3294 2047; x_wconf 74' lang='grc'><em>,</em></span> 
     </span>
    </p>
   </div>
   <div class='ocr_carea' id='block_1_6' title="bbox 574 2070 3190 4415">
    <p class='ocr_par' dir='ltr' id='par_1_6' title="bbox 574 2070 3190 4216">
     <span class='ocr_line' id='line_1_18' title="bbox 574 2070 3189 2184; baseline 0 -49"><span class='ocrx_word' id='word_1_181' title='bbox 574 2094 826 2136; x_wconf 88' lang='lat' dir='ltr'>morare</span> <span class='ocrx_word' id='word_1_182' title='bbox 872 2071 1181 2136; x_wconf 85' lang='lat' dir='ltr'>miracula</span> <span class='ocrx_word' id='word_1_183' title='bbox 1229 2070 1504 2136; x_wconf 84' lang='lat' dir='ltr'>Conchis</span> <span class='ocrx_word' id='word_1_184' title='bbox 1551 2071 1620 2136; x_wconf 91' lang='lat' dir='ltr'>in</span> <span class='ocrx_word' id='word_1_185' title='bbox 1660 2072 2050 2136; x_wconf 88' lang='lat' dir='ltr'>monasterio</span> <span class='ocrx_word' id='word_1_186' title='bbox 2091 2072 2226 2136; x_wconf 92' lang='lat' dir='ltr'>eius</span> <span class='ocrx_word' id='word_1_187' title='bbox 2263 2072 2458 2136; x_wconf 86' lang='lat' dir='ltr'>facta·</span> <span class='ocrx_word' id='word_1_188' title='bbox 2444 2070 2523 2159; x_wconf 85' lang='lat'>,¹)</span> <span class='ocrx_word' id='word_1_189' title='bbox 2570 2072 2678 2136; x_wconf 90' lang='lat' dir='ltr'>hic</span> <span class='ocrx_word' id='word_1_190' title='bbox 2724 2095 2979 2184; x_wconf 81' lang='lat' dir='ltr'>quoque</span> <span class='ocrx_word' id='word_1_191' title='bbox 3024 2074 3189 2159; x_wconf 82' lang='lat' dir='ltr'>vigi-</span> 
     </span>
     <span class='ocr_line' id='line_1_19' title="bbox 575 2169 3187 2255; baseline 0 -21"><span class='ocrx_word' id='word_1_192' title='bbox 575 2170 768 2235; x_wconf 89' lang='lat' dir='ltr'>lando</span> <span class='ocrx_word' id='word_1_193' title='bbox 833 2171 1175 2235; x_wconf 84' lang='lat' dir='ltr'>sanitatem</span> <span class='ocrx_word' id='word_1_194' title='bbox 1242 2170 1568 2254; x_wconf 90' lang='lat' dir='ltr'>accipiunt</span> <span class='ocrx_word' id='word_1_195' title='bbox 1632 2169 1889 2233; x_wconf 90' lang='lat' dir='ltr'>infirmi.</span> <span class='ocrx_word' id='word_1_196' title='bbox 1989 2169 2156 2234; x_wconf 90' lang='lat' dir='ltr'>Vide</span> <span class='ocrx_word' id='word_1_197' title='bbox 2218 2193 2337 2254; x_wconf 95' lang='lat' dir='ltr'>pro</span> <span class='ocrx_word' id='word_1_198' title='bbox 2410 2171 2633 2235; x_wconf 91' lang='lat' dir='ltr'>multis</span> <span class='ocrx_word' id='word_1_199' title='bbox 2699 2172 2840 2236; x_wconf 89' lang='lat' dir='ltr'>mir.</span> <span class='ocrx_word' id='word_1_200' title='bbox 2878 2171 2918 2235; x_wconf 88' lang='lat'>9</span> <span class='ocrx_word' id='word_1_201' title='bbox 2974 2195 3034 2255; x_wconf 89' lang='lat' dir='ltr'>p.</span> <span class='ocrx_word' id='word_1_202' title='bbox 3074 2172 3187 2235; x_wconf 84' lang='lat'>36.</span> 
     </span>
     <span class='ocr_line' id='line_1_20' title="bbox 575 2269 3189 2352; baseline 0 -19"><span class='ocrx_word' id='word_1_203' title='bbox 575 2270 838 2348; x_wconf 73' lang='lat' dir='ltr'>„mulier</span> <span class='ocrx_word' id='word_1_204' title='bbox 874 2270 1180 2351; x_wconf 78' lang='lat' dir='ltr'>quaedam</span> <span class='ocrx_word' id='word_1_205' title='bbox 1213 2270 1410 2334; x_wconf 83' lang='lat' dir='ltr'>vidua</span> <span class='ocrx_word' id='word_1_206' title='bbox 1444 2269 1608 2332; x_wconf 77' lang='lat' dir='ltr'>iuter</span> <span class='ocrx_word' id='word_1_207' title='bbox 1642 2272 1907 2332; x_wconf 82' lang='lat' dir='ltr'>caeteros</span> <span class='ocrx_word' id='word_1_208' title='bbox 1935 2269 2309 2350; x_wconf 74' lang='lat' dir='ltr'>pereyrinOS,</span> <span class='ocrx_word' id='word_1_209' title='bbox 2354 2270 2464 2351; x_wconf 77' lang='lat' dir='ltr'>qui</span> <span class='ocrx_word' id='word_1_210' title='bbox 2508 2271 2581 2334; x_wconf 87' lang='lat' dir='ltr'>de</span> <span class='ocrx_word' id='word_1_211' title='bbox 2615 2270 2874 2334; x_wconf 78' lang='lat' dir='ltr'>diversis</span> <span class='ocrx_word' id='word_1_212' title='bbox 2902 2270 3189 2352; x_wconf 61' lang='lat' dir='ltr'>poa-tibus</span> 
     </span>
     <span class='ocr_line' id='line_1_21' title="bbox 575 2361 3187 2478; baseline -0 -47"><span class='ocrx_word' id='word_1_213' title='bbox 575 2389 642 2432; x_wconf 88' lang='lat' dir='ltr'>eo</span> <span class='ocrx_word' id='word_1_214' title='bbox 680 2367 1122 2448; x_wconf 76' lang='lat' dir='ltr'>confluxerant,</span> <span class='ocrx_word' id='word_1_215' title='bbox 1151 2388 1270 2448; x_wconf 78' lang='lat' dir='ltr'>pro</span> <span class='ocrx_word' id='word_1_216' title='bbox 1305 2366 1503 2431; x_wconf 80' lang='lat' dir='ltr'>salute</span> <span class='ocrx_word' id='word_1_217' title='bbox 1536 2366 1708 2449; x_wconf 68' lang='lat' dir='ltr'>filiae</span> <span class='ocrx_word' id='word_1_218' title='bbox 1743 2386 1955 2430; x_wconf 85' lang='lat' dir='ltr'>eaeeae</span> <span class='ocrx_word' id='word_1_219' title='bbox 1991 2365 2216 2431; x_wconf 81' lang='lat' dir='ltr'>ibidem</span> <span class='ocrx_word' id='word_1_220' title='bbox 2245 2361 2657 2478; x_wconf 76' lang='lat' dir='ltr'>pernoctabat.</span> <span class='ocrx_word' id='word_1_221' title='bbox 2695 2369 2796 2432; x_wconf 79' lang='lat' dir='ltr'>eui</span> <span class='ocrx_word' id='word_1_222' title='bbox 2839 2368 3013 2449; x_wconf 73' lang='lat' dir='ltr'>filiae</span> <span class='ocrx_word' id='word_1_223' title='bbox 3054 2388 3187 2431; x_wconf 84' lang='lat' dir='ltr'>una</span> 
     </span>
     <span class='ocr_line' id='line_1_22' title="bbox 575 2464 3187 2547; baseline 0 -18"><span class='ocrx_word' id='word_1_224' title='bbox 575 2487 712 2529; x_wconf 87' lang='lat' dir='ltr'>eum</span> <span class='ocrx_word' id='word_1_225' title='bbox 758 2471 956 2530; x_wconf 80' lang='lat' dir='ltr'>matre</span> <span class='ocrx_word' id='word_1_226' title='bbox 999 2465 1289 2547; x_wconf 73' lang='lat' dir='ltr'>viyilauti</span> <span class='ocrx_word' id='word_1_227' title='bbox 1325 2464 1529 2528; x_wconf 78' lang='lat' dir='ltr'>lumen</span> <span class='ocrx_word' id='word_1_228' title='bbox 1564 2467 1728 2546; x_wconf 78' lang='lat' dir='ltr'>quod</span> <span class='ocrx_word' id='word_1_229' title='bbox 1769 2464 2068 2528; x_wconf 79' lang='lat' dir='ltr'>amiserat</span> <span class='ocrx_word' id='word_1_230' title='bbox 2100 2465 2173 2528; x_wconf 80' lang='lat' dir='ltr'>iu</span> <span class='ocrx_word' id='word_1_231' title='bbox 2196 2465 2418 2547; x_wconf 79' lang='lat' dir='ltr'>prima</span> <span class='ocrx_word' id='word_1_232' title='bbox 2452 2466 2673 2547; x_wconf 73' lang='lat' dir='ltr'>viyilia</span> <span class='ocrx_word' id='word_1_233' title='bbox 2708 2467 2904 2531; x_wconf 76' lang='lat' dir='ltr'>noetis</span> <span class='ocrx_word' id='word_1_234' title='bbox 2938 2471 3187 2530; x_wconf 81' lang='lat' dir='ltr'>sanetae</span> 
     </span>
     <span class='ocr_line' id='line_1_23' title="bbox 574 2560 3183 2649; baseline -0 -22"><span class='ocrx_word' id='word_1_235' title='bbox 574 2564 762 2628; x_wconf 81' lang='lat' dir='ltr'>Fidis</span> <span class='ocrx_word' id='word_1_236' title='bbox 806 2564 1029 2627; x_wconf 79' lang='lat' dir='ltr'>virtute</span> <span class='ocrx_word' id='word_1_237' title='bbox 1073 2568 1404 2646; x_wconf 76' lang='lat' dir='ltr'>reparatur</span> <span class='ocrx_word' id='word_1_238' title='bbox 1448 2562 1870 2644; x_wconf 66' lang='lat' dir='ltr'>inteyerrimef</span> <span class='ocrx_word' id='word_1_239' title='bbox 1873 2566 1888 2595; x_wconf 84' lang='lat'>‘</span> <span class='ocrx_word' id='word_1_240' title='bbox 1963 2560 2216 2626; x_wconf 82' lang='lat' dir='ltr'>Similia</span> <span class='ocrx_word' id='word_1_241' title='bbox 2252 2563 2373 2626; x_wconf 91' lang='lat' dir='ltr'>et</span> <span class='ocrx_word' id='word_1_242' title='bbox 2355 2586 2424 2627; x_wconf 90' lang='lat' dir='ltr'>m</span> <span class='ocrx_word' id='word_1_243' title='bbox 2459 2562 2641 2627; x_wconf 88' lang='lat' dir='ltr'>Fidei</span> <span class='ocrx_word' id='word_1_244' title='bbox 2688 2566 2753 2627; x_wconf 88' lang='lat' dir='ltr'>et</span> <span class='ocrx_word' id='word_1_245' title='bbox 2792 2564 2861 2628; x_wconf 93' lang='lat' dir='ltr'>in</span> <span class='ocrx_word' id='word_1_246' title='bbox 2906 2565 3183 2649; x_wconf 85' lang='lat' dir='ltr'>aliorum</span> 
     </span>
     <span class='ocr_line' id='line_1_24' title="bbox 576 2660 3183 2746; baseline -0 -20"><span class='ocrx_word' id='word_1_247' title='bbox 576 2665 942 2726; x_wconf 89' lang='lat' dir='ltr'>sanctorum</span> <span class='ocrx_word' id='word_1_248' title='bbox 990 2660 1314 2724; x_wconf 82' lang='lat' dir='ltr'>miraculis</span> <span class='ocrx_word' id='word_1_249' title='bbox 1360 2661 1602 2744; x_wconf 91' lang='lat' dir='ltr'>ubique</span> <span class='ocrx_word' id='word_1_250' title='bbox 1648 2660 1924 2725; x_wconf 84' lang='lat' dir='ltr'>inveniri</span> <span class='ocrx_word' id='word_1_251' title='bbox 1968 2666 2241 2744; x_wconf 92' lang='lat' dir='ltr'>possunt</span> <span class='ocrx_word' id='word_1_252' title='bbox 2276 2685 2485 2746; x_wconf 88' lang='lat' dir='ltr'>neque</span> <span class='ocrx_word' id='word_1_253' title='bbox 2532 2663 2834 2728; x_wconf 92' lang='lat' dir='ltr'>idoneum</span> <span class='ocrx_word' id='word_1_254' title='bbox 2883 2663 3183 2727; x_wconf 84' lang='lat' dir='ltr'>existimo</span> 
     </span>
     <span class='ocr_line' id='line_1_25' title="bbox 575 2757 3185 2845; baseline 0.001 -22"><span class='ocrx_word' id='word_1_255' title='bbox 575 2760 901 2824; x_wconf 87' lang='lat' dir='ltr'>cumulare</span> <span class='ocrx_word' id='word_1_256' title='bbox 948 2760 1257 2843; x_wconf 85' lang='lat' dir='ltr'>exempla.</span> <span class='ocrx_word' id='word_1_257' title='bbox 1349 2757 1606 2823; x_wconf 90' lang='lat' dir='ltr'>Acriter</span> <span class='ocrx_word' id='word_1_258' title='bbox 1651 2758 1855 2843; x_wconf 85' lang='lat' dir='ltr'>igitur</span> <span class='ocrx_word' id='word_1_259' title='bbox 1898 2781 2028 2823; x_wconf 93' lang='lat' dir='ltr'>uno</span> <span class='ocrx_word' id='word_1_260' title='bbox 2076 2781 2332 2844; x_wconf 85' lang='lat' dir='ltr'>quoque</span> <span class='ocrx_word' id='word_1_261' title='bbox 2381 2760 2524 2824; x_wconf 92' lang='lat' dir='ltr'>loco</span> <span class='ocrx_word' id='word_1_262' title='bbox 2572 2762 3026 2845; x_wconf 88' lang='lat' dir='ltr'>inquirendum</span> <span class='ocrx_word' id='word_1_263' title='bbox 3073 2764 3185 2843; x_wconf 88' lang='lat' dir='ltr'>est,</span> 
     </span>
     <span class='ocr_line' id='line_1_26' title="bbox 574 2855 3185 2923; baseline 0 -2"><span class='ocrx_word' id='word_1_264' title='bbox 574 2864 793 2922; x_wconf 92' lang='lat' dir='ltr'>utrum</span> <span class='ocrx_word' id='word_1_265' title='bbox 868 2858 1207 2923; x_wconf 88' lang='lat' dir='ltr'>statuenda</span> <span class='ocrx_word' id='word_1_266' title='bbox 1279 2859 1364 2922; x_wconf 91' lang='lat' dir='ltr'>sit</span> <span class='ocrx_word' id='word_1_267' title='bbox 1445 2857 1773 2922; x_wconf 87' lang='lat' dir='ltr'>incubatio</span> <span class='ocrx_word' id='word_1_268' title='bbox 1855 2878 2070 2922; x_wconf 91' lang='lat' dir='ltr'>necne.</span> <span class='ocrx_word' id='word_1_269' title='bbox 2182 2855 2398 2921; x_wconf 83' lang='lat' dir='ltr'>Sensit</span> <span class='ocrx_word' id='word_1_270' title='bbox 2469 2858 2918 2923; x_wconf 86' lang='lat' dir='ltr'>difficultatem</span> <span class='ocrx_word' id='word_1_271' title='bbox 2993 2860 3185 2923; x_wconf 90' lang='lat' dir='ltr'>istam</span> 
     </span>
     <span class='ocr_line' id='line_1_27' title="bbox 576 2953 3188 3041; baseline 0 -23"><span class='ocrx_word' id='word_1_272' title='bbox 576 2955 942 3041; x_wconf 85' lang='lat' dir='ltr'>Marignan,</span> <span class='ocrx_word' id='word_1_273' title='bbox 990 2957 1100 3040; x_wconf 89' lang='lat' dir='ltr'>qui</span> <span class='ocrx_word' id='word_1_274' title='bbox 1149 2957 1217 3020; x_wconf 94' lang='lat' dir='ltr'>in</span> <span class='ocrx_word' id='word_1_275' title='bbox 1270 2955 1491 3020; x_wconf 92' lang='lat' dir='ltr'>libello</span> <span class='ocrx_word' id='word_1_276' title='bbox 1547 2978 1662 3020; x_wconf 93' lang='lat' dir='ltr'>suo</span> <span class='ocrx_word' id='word_1_277' title='bbox 1721 2954 1837 3018; x_wconf 82' lang='lat' dir='ltr'>‘La</span> <span class='ocrx_word' id='word_1_278' title='bbox 1891 2953 2217 3019; x_wconf 70' lang='lat' dir='ltr'>medecine</span> <span class='ocrx_word' id='word_1_279' title='bbox 2273 2956 2428 3019; x_wconf 90' lang='lat' dir='ltr'>dans</span> <span class='ocrx_word' id='word_1_280' title='bbox 2483 2955 2727 3041; x_wconf 69' lang='lat' dir='ltr'>l&#39;eglise</span> <span class='ocrx_word' id='word_1_281' title='bbox 2783 2979 2863 3020; x_wconf 85' lang='lat' dir='ltr'>au</span> <span class='ocrx_word' id='word_1_282' title='bbox 2920 2957 3188 3020; x_wconf 73' lang='lat' dir='ltr'>sixieme</span> 
     </span>
     <span class='ocr_line' id='line_1_28' title="bbox 578 3052 3190 3138; baseline 0 -22"><span class='ocrx_word' id='word_1_283' title='bbox 578 3053 793 3116; x_wconf 75' lang='lat' dir='ltr'>siecle&#39;</span> <span class='ocrx_word' id='word_1_284' title='bbox 840 3056 1150 3137; x_wconf 88' lang='lat' dir='ltr'>inscripto</span> <span class='ocrx_word' id='word_1_285' title='bbox 1196 3078 1256 3138; x_wconf 90' lang='lat' dir='ltr'>p.</span> <span class='ocrx_word' id='word_1_286' title='bbox 1301 3053 1400 3137; x_wconf 87' lang='lat'>13,</span> <span class='ocrx_word' id='word_1_287' title='bbox 1438 3053 1481 3116; x_wconf 87' lang='lat'>4</span> <span class='ocrx_word' id='word_1_288' title='bbox 1525 3052 1684 3116; x_wconf 89' lang='lat' dir='ltr'>haec</span> <span class='ocrx_word' id='word_1_289' title='bbox 1731 3053 1912 3116; x_wconf 88' lang='lat' dir='ltr'>dicit:</span> <span class='ocrx_word' id='word_1_290' title='bbox 1960 3052 2297 3136; x_wconf 71' lang='lat' dir='ltr'>„Gre&#39;yoire</span> <span class='ocrx_word' id='word_1_291' title='bbox 2340 3055 2413 3117; x_wconf 92' lang='lat' dir='ltr'>de</span> <span class='ocrx_word' id='word_1_292' title='bbox 2451 3054 2651 3118; x_wconf 84' lang='lat' dir='ltr'>Tours</span> <span class='ocrx_word' id='word_1_293' title='bbox 2695 3059 2753 3118; x_wconf 80' lang='lat' dir='ltr'>et</span> <span class='ocrx_word' id='word_1_294' title='bbox 2785 3055 2871 3117; x_wconf 82' lang='lat' dir='ltr'>les</span> <span class='ocrx_word' id='word_1_295' title='bbox 2914 3055 3041 3117; x_wconf 79' lang='lat' dir='ltr'>vies</span> <span class='ocrx_word' id='word_1_296' title='bbox 3084 3056 3190 3118; x_wconf 82' lang='lat' dir='ltr'>des</span> 
     </span>
     <span class='ocr_line' id='line_1_29' title="bbox 581 3151 3190 3234; baseline 0 -20"><span class='ocrx_word' id='word_1_297' title='bbox 581 3153 783 3215; x_wconf 76' lang='lat' dir='ltr'>saints</span> <span class='ocrx_word' id='word_1_298' title='bbox 827 3153 1349 3234; x_wconf 75' lang='lat' dir='ltr'>contemporaiues</span> <span class='ocrx_word' id='word_1_299' title='bbox 1392 3172 1470 3215; x_wconf 82' lang='lat' dir='ltr'>ue</span> <span class='ocrx_word' id='word_1_300' title='bbox 1514 3152 1893 3233; x_wconf 71' lang='lat' dir='ltr'>distinqueut</span> <span class='ocrx_word' id='word_1_301' title='bbox 1928 3172 2050 3233; x_wconf 76' lang='lat' dir='ltr'>pas</span> <span class='ocrx_word' id='word_1_302' title='bbox 2096 3152 2181 3216; x_wconf 75' lang='lat' dir='ltr'>les</span> <span class='ocrx_word' id='word_1_303' title='bbox 2222 3171 2437 3233; x_wconf 74' lang='lat' dir='ltr'>souyes</span> <span class='ocrx_word' id='word_1_304' title='bbox 2494 3173 2609 3233; x_wconf 77' lang='lat' dir='ltr'>que</span> <span class='ocrx_word' id='word_1_305' title='bbox 2654 3153 2707 3216; x_wconf 87' lang='lat' dir='ltr'>le</span> <span class='ocrx_word' id='word_1_306' title='bbox 2752 3151 3002 3216; x_wconf 84' lang='lat' dir='ltr'>malade</span> <span class='ocrx_word' id='word_1_307' title='bbox 3037 3156 3190 3234; x_wconf 76' lang='lat' dir='ltr'>peut</span> 
     </span>
     <span class='ocr_line' id='line_1_30' title="bbox 575 3249 3190 3334; baseline 0 -22"><span class='ocrx_word' id='word_1_308' title='bbox 575 3250 769 3334; x_wconf 81' lang='lat' dir='ltr'>avoir,</span> <span class='ocrx_word' id='word_1_309' title='bbox 823 3250 1035 3314; x_wconf 84' lang='lat' dir='ltr'>e&#39;veille&#39;</span> <span class='ocrx_word' id='word_1_310' title='bbox 1082 3272 1162 3315; x_wconf 90' lang='lat' dir='ltr'>ou</span> <span class='ocrx_word' id='word_1_311' title='bbox 1221 3250 1512 3314; x_wconf 79' lang='lat' dir='ltr'>endormi.</span> <span class='ocrx_word' id='word_1_312' title='bbox 1616 3249 1680 3312; x_wconf 88' lang='lat' dir='ltr'>Il</span> <span class='ocrx_word' id='word_1_313' title='bbox 1731 3269 1810 3313; x_wconf 80' lang='lat' dir='ltr'>ne</span> <span class='ocrx_word' id='word_1_314' title='bbox 1868 3250 1997 3331; x_wconf 80' lang='lat' dir='ltr'>fait</span> <span class='ocrx_word' id='word_1_315' title='bbox 2053 3270 2291 3314; x_wconf 77' lang='lat' dir='ltr'>aucune</span> <span class='ocrx_word' id='word_1_316' title='bbox 2344 3251 2617 3314; x_wconf 76' lang='lat' dir='ltr'>mention</span> <span class='ocrx_word' id='word_1_317' title='bbox 2659 3250 3062 3333; x_wconf 74' lang='lat' dir='ltr'>particuliere</span> <span class='ocrx_word' id='word_1_318' title='bbox 3115 3250 3190 3313; x_wconf 92' lang='lat' dir='ltr'>de</span> 
     </span>
     <span class='ocr_line' id='line_1_31' title="bbox 580 3347 3189 3430; baseline 0 -19"><span class='ocrx_word' id='word_1_319' title='bbox 580 3368 732 3411; x_wconf 75' lang='lat' dir='ltr'>ceux</span> <span class='ocrx_word' id='word_1_320' title='bbox 775 3347 959 3429; x_wconf 77' lang='lat' dir='ltr'>qu’ou</span> <span class='ocrx_word' id='word_1_321' title='bbox 1003 3370 1047 3412; x_wconf 86' lang='lat' dir='ltr'>a</span> <span class='ocrx_word' id='word_1_322' title='bbox 1079 3350 1365 3430; x_wconf 76' lang='lat' dir='ltr'>pendant</span> <span class='ocrx_word' id='word_1_323' title='bbox 1407 3348 1473 3412; x_wconf 81' lang='lat' dir='ltr'>la</span> <span class='ocrx_word' id='word_1_324' title='bbox 1516 3348 1659 3411; x_wconf 77' lang='lat' dir='ltr'>nuit</span> <span class='ocrx_word' id='word_1_325' title='bbox 1701 3352 1761 3411; x_wconf 83' lang='lat' dir='ltr'>et</span> <span class='ocrx_word' id='word_1_326' title='bbox 1801 3348 1875 3410; x_wconf 89' lang='lat' dir='ltr'>de</span> <span class='ocrx_word' id='word_1_327' title='bbox 1920 3368 2071 3412; x_wconf 79' lang='lat' dir='ltr'>ceux</span> <span class='ocrx_word' id='word_1_328' title='bbox 2113 3349 2223 3430; x_wconf 77' lang='lat' dir='ltr'>qui</span> <span class='ocrx_word' id='word_1_329' title='bbox 2267 3348 2546 3413; x_wconf 61' lang='lat' dir='ltr'>anm-iveni</span> <span class='ocrx_word' id='word_1_330' title='bbox 2596 3369 2731 3413; x_wconf 83' lang='lat' dir='ltr'>vers</span> <span class='ocrx_word' id='word_1_331' title='bbox 2785 3349 2839 3412; x_wconf 87' lang='lat' dir='ltr'>le</span> <span class='ocrx_word' id='word_1_332' title='bbox 2881 3349 3086 3412; x_wconf 77' lang='lat' dir='ltr'>mutin</span> <span class='ocrx_word' id='word_1_333' title='bbox 3130 3353 3189 3412; x_wconf 80' lang='lat' dir='ltr'>et</span> 
     </span>
     <span class='ocr_line' id='line_1_32' title="bbox 576 3443 3189 3530; baseline -0.001 -20"><span class='ocrx_word' id='word_1_334' title='bbox 576 3447 702 3530; x_wconf 77' lang='lat' dir='ltr'>qui,</span> <span class='ocrx_word' id='word_1_335' title='bbox 748 3447 922 3510; x_wconf 80' lang='lat' dir='ltr'>daus·</span> <span class='ocrx_word' id='word_1_336' title='bbox 947 3446 1308 3527; x_wconf 79' lang='lat' dir='ltr'>l’autiquite&#39;,</span> <span class='ocrx_word' id='word_1_337' title='bbox 1353 3443 1585 3510; x_wconf 62' lang='lat' dir='ltr'>etaient</span> <span class='ocrx_word' id='word_1_338' title='bbox 1613 3446 1954 3510; x_wconf 64' lang='lat' dir='ltr'>eon-sidereis</span> <span class='ocrx_word' id='word_1_339' title='bbox 1989 3465 2217 3510; x_wconf 84' lang='lat' dir='ltr'>comme</span> <span class='ocrx_word' id='word_1_340' title='bbox 2254 3447 2525 3528; x_wconf 67' lang='lat' dir='ltr'>toua&#39;ours</span> <span class='ocrx_word' id='word_1_341' title='bbox 2569 3448 2795 3511; x_wconf 78' lang='lat' dir='ltr'>vrai3.“</span> <span class='ocrx_word' id='word_1_342' title='bbox 2865 3445 3012 3510; x_wconf 92' lang='lat' dir='ltr'>Hoc</span> <span class='ocrx_word' id='word_1_343' title='bbox 3051 3446 3189 3528; x_wconf 89' lang='lat' dir='ltr'>qui-</span> 
     </span>
     <span class='ocr_line' id='line_1_33' title="bbox 579 3543 3190 3630; baseline -0 -23"><span class='ocrx_word' id='word_1_344' title='bbox 579 3544 724 3608; x_wconf 90' lang='lat' dir='ltr'>dem</span> <span class='ocrx_word' id='word_1_345' title='bbox 771 3544 980 3608; x_wconf 90' lang='lat' dir='ltr'>dicere</span> <span class='ocrx_word' id='word_1_346' title='bbox 1025 3567 1215 3628; x_wconf 86' lang='lat' dir='ltr'>posse</span> <span class='ocrx_word' id='word_1_347' title='bbox 1259 3545 1446 3609; x_wconf 93' lang='lat' dir='ltr'>nobis</span> <span class='ocrx_word' id='word_1_348' title='bbox 1493 3543 1787 3609; x_wconf 85' lang='lat' dir='ltr'>videmur</span> <span class='ocrx_word' id='word_1_349' title='bbox 1833 3544 2027 3607; x_wconf 90' lang='lat' dir='ltr'>etiam</span> <span class='ocrx_word' id='word_1_350' title='bbox 2085 3544 2153 3608; x_wconf 93' lang='lat' dir='ltr'>in</span> <span class='ocrx_word' id='word_1_351' title='bbox 2200 3544 2440 3630; x_wconf 83' lang='lat' dir='ltr'>vigiliis</span> <span class='ocrx_word' id='word_1_352' title='bbox 2488 3544 2645 3628; x_wconf 81' lang='lat' dir='ltr'>illis,</span> <span class='ocrx_word' id='word_1_353' title='bbox 2691 3565 2836 3608; x_wconf 92' lang='lat' dir='ltr'>cum</span> <span class='ocrx_word' id='word_1_354' title='bbox 2882 3567 2998 3627; x_wconf 87' lang='lat' dir='ltr'>per</span> <span class='ocrx_word' id='word_1_355' title='bbox 3041 3565 3190 3607; x_wconf 93' lang='lat' dir='ltr'>noc-</span> 
     </span>
     <span class='ocr_line' id='line_1_34' title="bbox 580 3640 3187 3726; baseline 0 -21"><span class='ocrx_word' id='word_1_356' title='bbox 580 3646 715 3706; x_wconf 92' lang='lat' dir='ltr'>tem</span> <span class='ocrx_word' id='word_1_357' title='bbox 762 3647 1128 3707; x_wconf 91' lang='lat' dir='ltr'>sanctorum</span> <span class='ocrx_word' id='word_1_358' title='bbox 1176 3644 1244 3707; x_wconf 88' lang='lat' dir='ltr'>in</span> <span class='ocrx_word' id='word_1_359' title='bbox 1289 3642 1549 3726; x_wconf 88' lang='lat' dir='ltr'>templis</span> <span class='ocrx_word' id='word_1_360' title='bbox 1596 3645 1958 3706; x_wconf 85' lang='lat' dir='ltr'>versaretur</span> <span class='ocrx_word' id='word_1_361' title='bbox 1994 3640 2491 3706; x_wconf 88' lang='lat' dir='ltr'>christianorum</span> <span class='ocrx_word' id='word_1_362' title='bbox 2530 3642 2898 3725; x_wconf 79' lang='lat' dir='ltr'>multitudo,</span> <span class='ocrx_word' id='word_1_363' title='bbox 2945 3642 3187 3706; x_wconf 91' lang='lat' dir='ltr'>similes</span> 
     </span>
     <span class='ocr_line' id='line_1_35' title="bbox 577 3739 3186 3826; baseline -0 -22"><span class='ocrx_word' id='word_1_364' title='bbox 577 3742 790 3804; x_wconf 85' lang='lat' dir='ltr'>valere</span> <span class='ocrx_word' id='word_1_365' title='bbox 836 3741 1260 3826; x_wconf 84' lang='lat' dir='ltr'>cogitationes</span> <span class='ocrx_word' id='word_1_366' title='bbox 1317 3745 1510 3824; x_wconf 89' lang='lat' dir='ltr'>atque</span> <span class='ocrx_word' id='word_1_367' title='bbox 1565 3741 1633 3804; x_wconf 88' lang='lat' dir='ltr'>in</span> <span class='ocrx_word' id='word_1_368' title='bbox 1688 3739 2098 3805; x_wconf 87' lang='lat' dir='ltr'>incubatione</span> <span class='ocrx_word' id='word_1_369' title='bbox 2154 3740 2435 3824; x_wconf 88' lang='lat' dir='ltr'>antiqua.</span> <span class='ocrx_word' id='word_1_370' title='bbox 2529 3739 2690 3804; x_wconf 85' lang='lat' dir='ltr'>Cum</span> <span class='ocrx_word' id='word_1_371' title='bbox 2745 3762 2896 3804; x_wconf 85' lang='lat' dir='ltr'>vero</span> <span class='ocrx_word' id='word_1_372' title='bbox 2955 3761 3186 3823; x_wconf 88' lang='lat' dir='ltr'>corpus</span> 
     </span>
     <span class='ocr_line' id='line_1_36' title="bbox 579 3837 3188 3926; baseline -0.001 -24"><span class='ocrx_word' id='word_1_373' title='bbox 579 3841 826 3924; x_wconf 85' lang='lat' dir='ltr'>aegroti</span> <span class='ocrx_word' id='word_1_374' title='bbox 874 3839 1115 3926; x_wconf 82' lang='lat' dir='ltr'>vigiliis</span> <span class='ocrx_word' id='word_1_375' title='bbox 1171 3840 1559 3903; x_wconf 85' lang='lat' dir='ltr'>concitatum</span> <span class='ocrx_word' id='word_1_376' title='bbox 1616 3859 1843 3903; x_wconf 93' lang='lat' dir='ltr'>somno</span> <span class='ocrx_word' id='word_1_377' title='bbox 1899 3837 2288 3922; x_wconf 55' lang='lat' dir='ltr'>capiebatur,</span> <span class='ocrx_word' id='word_1_378' title='bbox 2326 3841 2391 3901; x_wconf 89' lang='lat' dir='ltr'>et</span> <span class='ocrx_word' id='word_1_379' title='bbox 2446 3838 2650 3903; x_wconf 87' lang='lat' dir='ltr'>sancti</span> <span class='ocrx_word' id='word_1_380' title='bbox 2706 3838 2921 3923; x_wconf 84' lang='lat' dir='ltr'>imago</span> <span class='ocrx_word' id='word_1_381' title='bbox 2969 3839 3188 3903; x_wconf 88' lang='lat' dir='ltr'>saluti-</span> 
     </span>
     <span class='ocr_line' id='line_1_37' title="bbox 578 3935 3187 4022; baseline 0 -24"><span class='ocrx_word' id='word_1_382' title='bbox 578 3937 714 4010; x_wconf 81' lang='lat' dir='ltr'>fera</span> <span class='ocrx_word' id='word_1_383' title='bbox 759 3938 1127 4022; x_wconf 85' lang='lat' dir='ltr'>apparebat,</span> <span class='ocrx_word' id='word_1_384' title='bbox 1172 3960 1241 4002; x_wconf 88' lang='lat' dir='ltr'>re</span> <span class='ocrx_word' id='word_1_385' title='bbox 1289 3939 1432 4022; x_wconf 88' lang='lat' dir='ltr'>ipsa</span> <span class='ocrx_word' id='word_1_386' title='bbox 1474 3936 1725 4000; x_wconf 90' lang='lat' dir='ltr'>nullum</span> <span class='ocrx_word' id='word_1_387' title='bbox 1772 3937 2080 4000; x_wconf 87' lang='lat' dir='ltr'>intererat</span> <span class='ocrx_word' id='word_1_388' title='bbox 2128 3936 2496 4021; x_wconf 84' lang='lat' dir='ltr'>discrimen3</span> <span class='ocrx_word' id='word_1_389' title='bbox 2540 3959 2690 4000; x_wconf 88' lang='lat' dir='ltr'>nam</span> <span class='ocrx_word' id='word_1_390' title='bbox 2727 3936 2990 4022; x_wconf 85' lang='lat' dir='ltr'>vigiliae</span> <span class='ocrx_word' id='word_1_391' title='bbox 3037 3935 3187 3999; x_wconf 88' lang='lat' dir='ltr'>illae</span> 
     </span>
     <span class='ocr_line' id='line_1_38' title="bbox 577 4031 3187 4120; baseline 0 -23"><span class='ocrx_word' id='word_1_392' title='bbox 577 4034 847 4098; x_wconf 87' lang='lat' dir='ltr'>eundem</span> <span class='ocrx_word' id='word_1_393' title='bbox 894 4036 1285 4100; x_wconf 85' lang='lat' dir='ltr'>exhibebant</span> <span class='ocrx_word' id='word_1_394' title='bbox 1330 4036 1645 4120; x_wconf 87' lang='lat' dir='ltr'>effectum,</span> <span class='ocrx_word' id='word_1_395' title='bbox 1693 4057 1884 4119; x_wconf 90' lang='lat' dir='ltr'>quem</span> <span class='ocrx_word' id='word_1_396' title='bbox 1933 4035 2046 4119; x_wconf 89' lang='lat' dir='ltr'>qui</span> <span class='ocrx_word' id='word_1_397' title='bbox 2084 4035 2153 4099; x_wconf 91' lang='lat' dir='ltr'>in</span> <span class='ocrx_word' id='word_1_398' title='bbox 2188 4035 2454 4098; x_wconf 88' lang='lat' dir='ltr'>deorum</span> <span class='ocrx_word' id='word_1_399' title='bbox 2494 4031 2880 4099; x_wconf 77' lang='lat' dir='ltr'>Graecorum</span> <span class='ocrx_word' id='word_1_400' title='bbox 2925 4033 3187 4118; x_wconf 92' lang='lat' dir='ltr'>templis</span> 
     </span>
     <span class='ocr_line' id='line_1_39' title="bbox 579 4132 2305 4216; baseline 0.001 -22"><span class='ocrx_word' id='word_1_401' title='bbox 579 4132 968 4197; x_wconf 90' lang='lat' dir='ltr'>incubabant</span> <span class='ocrx_word' id='word_1_402' title='bbox 1013 4136 1205 4198; x_wconf 89' lang='lat' dir='ltr'>certis</span> <span class='ocrx_word' id='word_1_403' title='bbox 1250 4134 1484 4198; x_wconf 90' lang='lat' dir='ltr'>ritibus</span> <span class='ocrx_word' id='word_1_404' title='bbox 1531 4155 1901 4216; x_wconf 88' lang='lat' dir='ltr'>comparare</span> <span class='ocrx_word' id='word_1_405' title='bbox 1947 4132 2305 4197; x_wconf 89' lang='lat' dir='ltr'>studebant.</span> 
     </span>
    </p>

    <p class='ocr_par' dir='ltr' id='par_1_7' title="bbox 578 4229 3190 4415">
     <span class='ocr_line' id='line_1_40' title="bbox 755 4229 3190 4317; baseline 0 -25"><span class='ocrx_word' id='word_1_406' title='bbox 755 4229 876 4293; x_wconf 91' lang='lat' dir='ltr'>His</span> <span class='ocrx_word' id='word_1_407' title='bbox 924 4233 1292 4313; x_wconf 86' lang='lat' dir='ltr'>praemissis</span> <span class='ocrx_word' id='word_1_408' title='bbox 1340 4254 1486 4296; x_wconf 92' lang='lat' dir='ltr'>cum</span> <span class='ocrx_word' id='word_1_409' title='bbox 1533 4232 1613 4295; x_wconf 84' lang='lat' dir='ltr'>ad</span> <span class='ocrx_word' id='word_1_410' title='bbox 1661 4232 1959 4317; x_wconf 83' lang='lat' dir='ltr'>graviora</span> <span class='ocrx_word' id='word_1_411' title='bbox 2007 4231 2373 4315; x_wconf 89' lang='lat' dir='ltr'>trahamur,</span> <span class='ocrx_word' id='word_1_412' title='bbox 2417 4232 2628 4315; x_wconf 89' lang='lat' dir='ltr'>primo</span> <span class='ocrx_word' id='word_1_413' title='bbox 2674 4230 2816 4296; x_wconf 92' lang='lat' dir='ltr'>loco</span> <span class='ocrx_word' id='word_1_414' title='bbox 2862 4231 3051 4296; x_wconf 91' lang='lat' dir='ltr'>nobis</span> <span class='ocrx_word' id='word_1_415' title='bbox 3098 4230 3190 4294; x_wconf 89' lang='lat' dir='ltr'>di-</span> 
     </span>
     <span class='ocr_line' id='line_1_41' title="bbox 578 4327 1926 4415; baseline 0.003 -25"><span class='ocrx_word' id='word_1_416' title='bbox 578 4327 850 4391; x_wconf 88' lang='lat' dir='ltr'>cendum</span> <span class='ocrx_word' id='word_1_417' title='bbox 895 4332 994 4393; x_wconf 92' lang='lat' dir='ltr'>est</span> <span class='ocrx_word' id='word_1_418' title='bbox 1039 4329 1117 4392; x_wconf 89' lang='lat' dir='ltr'>de</span> <span class='ocrx_word' id='word_1_419' title='bbox 1162 4329 1476 4395; x_wconf 88' lang='lat' dir='ltr'>Michaele</span> <span class='ocrx_word' id='word_1_420' title='bbox 1522 4329 1926 4415; x_wconf 83' lang='lat' dir='ltr'>archangeIO.</span> 
     </span>
    </p>
   </div>
   <div class='ocr_carea' id='block_1_7' title="bbox 575 4455 1001 4463">
    <p class='ocr_par' dir='ltr' id='par_1_8' title="bbox 575 4455 1001 4463">
     <span class='ocr_line' id='line_1_42' title="bbox 575 4455 1001 4463; baseline 0 0"><span class='ocrx_word' id='word_1_421' title='bbox 575 4455 1001 4463; x_wconf 95' lang='lat' dir='ltr'> </span> 
     </span>
    </p>
   </div>
   <div class='ocr_carea' id='block_1_8' title="bbox 758 4521 3103 4594">
    <p class='ocr_par' dir='ltr' id='par_1_9' title="bbox 758 4521 3103 4594">
     <span class='ocr_line' id='line_1_43' title="bbox 758 4521 3103 4594; baseline 0.002 -21"><span class='ocrx_word' id='word_1_422' title='bbox 758 4525 808 4592; x_wconf 92' lang='lat'>1)</span> <span class='ocrx_word' id='word_1_423' title='bbox 845 4541 892 4577; x_wconf 81' lang='lat' dir='ltr'>v.</span> <span class='ocrx_word' id='word_1_424' title='bbox 933 4521 1101 4576; x_wconf 85' lang='lat' dir='ltr'>Liber</span> <span class='ocrx_word' id='word_1_425' title='bbox 1135 4521 1533 4578; x_wconf 86' lang='lat' dir='ltr'>miraculorum</span> <span class='ocrx_word' id='word_1_426' title='bbox 1570 4526 1763 4578; x_wconf 86' lang='lat' dir='ltr'>sancte</span> <span class='ocrx_word' id='word_1_427' title='bbox 1800 4523 1956 4577; x_wconf 87' lang='lat' dir='ltr'>Fidis</span> <span class='ocrx_word' id='word_1_428' title='bbox 1993 4522 2189 4593; x_wconf 69' lang='lat' dir='ltr'>public</span> <span class='ocrx_word' id='word_1_429' title='bbox 2224 4539 2329 4594; x_wconf 90' lang='lat' dir='ltr'>par</span> <span class='ocrx_word' id='word_1_430' title='bbox 2364 4523 2430 4578; x_wconf 92' lang='lat' dir='ltr'>A.</span> <span class='ocrx_word' id='word_1_431' title='bbox 2470 4524 2718 4579; x_wconf 84' lang='lat' dir='ltr'>Bouillet</span> <span class='ocrx_word' id='word_1_432' title='bbox 2752 4523 2911 4578; x_wconf 88' lang='lat' dir='ltr'>Paris</span> <span class='ocrx_word' id='word_1_433' title='bbox 2951 4528 3103 4578; x_wconf 83' lang='grc'>1897.</span> 
     </span>
    </p>
   </div>
   <div class='ocr_carea' id='block_1_9' title="bbox 3599 2612 3602 3176">
    <p class='ocr_par' dir='ltr' id='par_1_10' title="bbox 3599 2612 3602 3176">
     <span class='ocr_line' id='line_1_44' title="bbox 3599 2612 3602 3176; baseline 0 0"><span class='ocrx_word' id='word_1_434' title='bbox 3599 2612 3602 3176; x_wconf 95' lang='lat' dir='ltr'> </span> 
     </span>
    </p>
   </div>
  </div>
 </body>
</html>
