3611 5264
579 335 622 399 2
1743 333 1928 403 Caput
1961 333 2001 388 Ι.

581 497 946 581 dispertitio
995 497 1108 560 illa
1153 496 1465 561 tribuitur
1514 497 1891 582 ‘antiquis'2
1939 494 2067 561 εἰσὶ
2114 497 2241 581 γὰρ
2290 494 2583 582 διάφορα
2628 497 2709 560 τὰ
2761 496 2966 581 παρὰ
3023 518 3106 559 το
3120 506 3188 570 ἴς

577 601 948 671 παλαιοῖς
992 593 1342 679 τεθειμένα
1376 606 1516 671 τοῖς
1559 593 1712 660 καθ’
1759 594 2016 670 ὕπνους
2061 591 2510 678 φαινομένοις.
2585 591 2834 679 (Migne
2860 592 3185 677 Patrolog.

578 691 683 756 Gr.
725 697 768 771 t.
811 693 936 756 149
977 716 1036 776 p.
1068 691 1195 756 608
1226 690 1332 780 A.)
1404 691 1813 776 Nicephorus
1862 690 2198 776 Gregoras,
2245 712 2522 776 quocum
2568 689 2933 754 Macrobius
2979 689 3186 752 multo

576 789 785 875 magis
860 790 1161 875 congruit
1242 810 1435 874 quam
1509 811 1654 854 cum
1716 787 2131 853 Artemidoro
2141 839 2159 872 ,
2224 810 2302 852 ex
2376 788 2598 852 eodem
2661 788 2839 852 fonte
2899 786 3188 851 hausisse

576 887 860 972 videtur,
924 887 1001 951 de
1055 909 1183 971 quo
1246 886 1356 950 ille
1423 887 1757 952 scientiam
1822 907 2005 949 suam
2070 885 2408 970 derivavit3
2462 885 2831 950 Macrobius
2897 885 3067 948 enim
3122 884 3189 947 in

577 985 974 1069 explicandis
1012 984 1411 1049 somniorum
1449 984 1791 1070 generibus
1831 983 2101 1047 eundem
2139 983 2439 1047 observat
2484 982 2798 1067 ordinem,
2847 1004 2973 1067 quo
3020 980 3190 1066 apud

575 1082 1018 1165 Nicephorum
1075 1085 1530 1146 enumerantur
1595 1080 1664 1169 (l.
1703 1080 1812 1167 c.):
1879 1078 2073 1145 πέντε
2136 1079 2263 1167 γάρ
2330 1097 2494 1164 φασι
2558 1081 2816 1145 τούτων
2876 1075 3046 1144 εἶναι
3110 1080 3190 1143 τὰ

578 1181 752 1263 εἴδη·
802 1172 898 1244 ὧν
943 1181 1017 1245 τὸ
1064 1176 1187 1264 μὲν
1232 1178 1671 1264 ὀνομάζουσιν
1719 1177 2067 1261 ἐνύπνιον,
2114 1178 2190 1242 τὸ
2238 1174 2311 1242 δὲ
2357 1179 2738 1262 φάντασμα,
2784 1177 2859 1242 τὸ
2916 1173 2990 1241 δὲ
3034 1200 3190 1262 χρη-

582 1280 938 1362 ματισμόν,
1007 1279 1082 1341 τὸ
1157 1273 1233 1341 δὲ
1297 1278 1540 1363 ὅραμα,
1607 1277 1680 1341 τὸ
1743 1272 1820 1340 δὲ
1892 1277 2173 1359 ὄνειρον.
2284 1273 2573 1351 Quocum
2646 1273 2837 1357 plane
2908 1274 3190 1337 concinit

581 1374 952 1439 Macrobius
1010 1373 1158 1437 inde
1213 1395 1251 1436 a
1316 1374 1377 1457 3,
1413 1374 1474 1458 4,
1545 1373 1658 1436 ubi
1726 1372 2022 1437 diffusius
2079 1370 2333 1457 singula
2387 1374 2649 1436 tractat:
2713 1370 3034 1437 ἐνύπνιον
3089 1369 3188 1456 (4)

579 1473 929 1556 φάντασμα
985 1469 1085 1558 (7)
1135 1470 1464 1535 oraculum
1511 1469 1611 1558 (8)
1660 1470 1823 1535 visio
1873 1467 1972 1557 (9)
2021 1468 2341 1534 somnium
2400 1467 2561 1556 (10).
2661 1467 2798 1533 Nec
2844 1491 2975 1532 non
3022 1468 3190 1531 inter

579 1570 871 1654 exempla
930 1591 968 1632 a
1028 1568 1357 1633 Macrobio
1419 1573 1483 1632 et
1539 1567 1909 1653 Nicephoro
1981 1564 2295 1652 Gregora,
2354 1570 2428 1630 ut
2488 1588 2720 1652 genera
2767 1566 2879 1629 illa
2940 1565 3189 1629 diversa

579 1668 998 1751 illustrarent,
1043 1666 1240 1730 allata
1286 1666 1532 1751 aliquid
1577 1666 1917 1730 intercedit
1962 1664 2424 1729 similitudinis.

755 1763 1102 1828 Artissime
1147 1786 1299 1829 vero
1347 1786 1493 1827 cum
1538 1762 1854 1828 Macrobii
1898 1762 2041 1828 loco
2090 1761 2534 1847 coniungenda
2580 1766 2756 1846 sunt,
2814 1783 2977 1846 quae
3021 1760 3191 1844 apud

577 1861 1298 1947 Pseudo-Augustinum
1328 1861 1426 1925 De
1464 1861 1700 1945 spiritu
1729 1865 1794 1924 et
1821 1860 2037 1924 anima
2064 1859 2151 1924 25
2179 1864 2224 1923 t.
2254 1859 2342 1923 40
2370 1883 2430 1943 p.
2454 1859 2581 1923 798
2620 1859 2842 1944 Migne
2869 1858 3188 1943 leguntur.

582 1959 768 2036 Quod
814 1981 963 2023 cum
1009 1980 1087 2022 ex
1133 1959 1214 2023 iis
1261 1959 1485 2042 elucet,
1532 1980 1694 2043 quae
1732 1958 1839 2021 hic
1876 1958 2011 2022 illic
2058 1957 2135 2021 de
2172 1957 2571 2021 somniorum
2610 1956 3001 2040 dispertione
3046 1977 3189 2038 pro-

578 2057 900 2121 feruntur:

955 2170 1237 2235 Macrob.
1275 2169 1307 2235 I
1334 2170 1394 2255 3,
1415 2171 1473 2234 2.
2189 2167 2727 2255 PS.-Augustinus
2772 2168 2813 2233 l.
2852 2190 2902 2232 c.

668 2269 1064 2353 ,‚omnium,
1128 2289 1314 2351 quae
1384 2267 1639 2333 videre
1707 2268 1859 2331 sibi
1992 2269 2351 2346 „omnium
2387 2288 2569 2349 quae
2603 2267 2753 2345 sibi
2789 2267 3040 2331 videre
3075 2267 3188 2329 vi-

581 2368 1031 2432 dormientes
1094 2367 1466 2449 videntur,
1537 2366 1858 2448 quinque
1911 2365 2178 2429 dentur
2285 2365 2760 2447 dormientes,
2867 2365 3191 2445 quinque

578 2470 753 2529 sunt
807 2464 1190 2546 principales
1251 2469 1310 2528 et
1359 2464 1740 2527 diversitates
1801 2467 1859 2526 et
1909 2468 2087 2526 sunt
2133 2482 2392 2544 yenera;
2447 2461 2722 2526 videlicet
2774 2461 3189 2540 oraculum,

580 2562 894 2626 nomina.“
959 2560 1276 2626 Secuntur
1318 2560 1580 2624 nomina
1627 2581 1700 2623 eo
1757 2580 1854 2622 or-
1909 2560 2130 2644 visi0,
2183 2561 2577 2644 somnium,
2631 2559 3092 2623 insomnium
3136 2563 3194 2620 et

586 2659 759 2744 dine,
816 2681 1007 2744 quem
1062 2658 1512 2723 adnotavimus
1558 2678 1703 2743 pag.
1745 2657 1799 2721 1.
1898 2656 2410 2740 phantasma.“

583 2823 724 2884 tum
778 2818 1059 2883 maxime
1132 2818 1646 2901 confirmabitur,
1718 2838 1867 2881 cum
1929 2816 2216 2902 singulas
2292 2839 2512 2881 eorum
2588 2816 2936 2881 contuleris
2992 2814 3191 2898 expli-

584 2917 892 2982 cationes:

884 3039 1166 3104 Macrob.
1204 3038 1237 3103 I
1273 3039 1335 3124 3,
1364 3040 1553 3123 4sqq.
2349 3038 2452 3102 Ps.
2456 3036 2755 3124 August.

670 3138 731 3202 4.
773 3143 919 3221 „est
953 3140 1120 3202 enim
1159 3137 1560 3220 ἐνύπνιον,
1587 3137 1863 3217 quotiens
2004 3137 2494 3214 „insomnium
2521 3141 2629 3201 est
2639 3136 2918 3218 ‚quando
2945 3112 3194 3217 idquod

582 3255 763 3299 cura
809 3236 1084 3317 oppressi
1118 3235 1324 3299 animi
1359 3236 1700 3316 corporisve
1734 3235 1863 3298 sive
1911 3233 2381 3315 fatigaverat
2414 3232 2877 3315 viyilantem‚
2914 3233 3195 3313 inyerit

579 3335 900 3416 fortunae,
947 3331 1154 3414 qualis
1198 3332 1638 3414 viyitantem
1676 3331 1862 3413 fati·
1915 3350 1989 3394 se
2032 3331 2461 3407 dormienti;
2498 3332 2659 3395 sicut
2691 3335 2781 3394 est
2821 3329 2969 3393 cibi
3014 3349 3192 3393 cura

576 3434 915 3513 yaverat,
980 3430 1164 3494 talem
1224 3449 1298 3494 se
1349 3430 1634 3512 inyerit
1693 3430 1863 3493 dor·
1915 3428 2008 3492 vel
2042 3426 2299 3509 potus“
2345 3449 2394 3491 e.
2434 3449 2492 3511 q.
2532 3451 2579 3491 S.

582 3528 852 3592 mienti
897 3578 1222 3591 ......
1260 3527 1549 3609 corporis,
1599 3576 1860 3590 .....

582 3624 642 3689 si
685 3626 960 3689 esuriens
1011 3625 1255 3690 cibum
1311 3630 1424 3688 aut
1463 3629 1724 3706 potum
1776 3625 1862 3688 si-

592 3722 748 3787 tiens
792 3723 1139 3787 desiderare
1186 3773 1198 3785 .
1248 3773 1260 3785 .
1309 3722 1701 3787 .videatur.“

676 3916 735 3979 7.
782 3915 1234 4000 ,,φάντασμα
1277 3935 1435 3999 ver0,
1479 3915 1589 3980 hoc
1633 3919 1722 3979 est
1772 3915 1862 3978 vi-
2006 3914 2489 3996 „phantasma
2559 3917 2671 3996 est,
2744 3915 2991 3995 quando
3064 3917 3191 3995 qui

591 4032 747 4090 suin,
793 4032 931 4075 cwm
973 4013 1140 4077 inter
1172 4012 1457 4095 myiliarn
1492 4017 1550 4076 et
1583 4011 1864 4076 adultam
1917 4012 2042 4075 vix
2086 4012 2409 4077 dormire
2452 4011 2712 4093 coepit,
2750 4015 2807 4074 et
2840 4011 3078 4075 adhuc
3120 4031 3193 4076 se

584 4110 844 4190 quietern
878 4110 951 4171 in
986 4110 1274 4194 quadam,
1318 4115 1390 4174 ut
1422 4110 1619 4192 aiunt,
1643 4110 1865 4191 prima
1918 4109 2240 4191 viyilare
2275 4108 2685 4192 existimat,
2713 4109 3049 4190 aspicere
3083 4110 3192 4172 vi-

584 4207 793 4271 somni
847 4206 1071 4271 nebula
1125 4207 1362 4271 adhuc
1414 4227 1487 4271 se
1537 4206 1865 4288 vigilare
1919 4206 2131 4271 detur
2175 4207 2546 4271 irruentes
2590 4207 2670 4270 in
2718 4225 2815 4290 se,
2869 4206 2979 4271 vel
3012 4226 3192 4289 pas-

586 4293 1026 4387 aestimans,
1115 4304 1243 4384 qui
1334 4305 1662 4369 dormire
1740 4304 1866 4367 vix
1918 4305 2057 4369 sim
2128 4308 2484 4385 vayantes
2559 4305 2848 4385 formas
2919 4305 3191 4369 discre-

586 4401 845 4483 coepit,
882 4401 1215 4482 aspicere
1249 4401 1540 4465 videtur
1573 4401 1865 4465 irruen-
1906 4406 2180 4484 pantes
2259 4405 2317 4463 et
2394 4401 2683 4484 variaS,
2765 4402 3004 4465 laetas
3082 4401 3193 4465 vel

588 4503 693 4561 tes
745 4498 826 4561 in
886 4516 958 4562 se
1011 4496 1123 4560 vel
1164 4498 1459 4578 passim
1512 4503 1866 4581 vayantes
1920 4497 2402 4563 turbulentas.
2485 4498 2566 4561 in
2618 4499 2746 4562 hoc
2783 4518 3045 4579 ¹qenere
3088 4503 3196 4562 est

582 4595 869 4675 formas
912 4615 955 4658 a
998 4598 1233 4658 natura
1287 4615 1394 4660 seu
1439 4596 1867 4677 magnitudine
1919 4595 2307 4678 ephialtes,
2378 4616 2583 4678 quem
2641 4594 2953 4677 publica
3020 4615 3192 4675 per-

586 4710 694 4755 seu
736 4691 931 4772 specie
975 4692 1516 4777 discrepantes,
1568 4693 1864 4757 varias·
1916 4694 2175 4758 suasio
2283 4694 2734 4775 quiescentes
2837 4693 3193 4772 opinatur
