3611 5264
561 329 646 392 62
1532 360 1538 365 -
1721 327 1904 397 Caput
1937 328 2030 384 IV.

563 491 784 576 Syria
821 514 982 576 quae
1020 514 1156 556 esse
1194 493 1430 556 dicitur
1467 490 1572 579 (cf.
1610 493 1651 556 l.
1681 515 1727 557 s.
1757 491 1973 579 vvyffi
1995 495 2060 556 et
2091 488 2158 577 7)
2197 490 2331 554 adit
2361 487 2506 578 (21)
2543 511 2756 577 „seque
2782 494 2870 555 ad
2903 493 3169 556 ianuam

560 592 715 653 atrii
760 592 982 672 deponi
1018 592 1426 675 praecipiens,
1469 591 1803 672 indiynam
1847 612 1911 655 se
1947 612 2072 655 esse
2115 591 2476 672 vociferan3‚
2512 590 2621 670 qai
2655 595 2937 654 sanctam
2982 590 3169 655 limen

560 690 981 769 inyrederetar
1007 740 1020 752 .
1052 739 1064 751 .
1106 740 1118 753 .
1157 689 1592 753 adveniente
1637 694 1841 752 nocte
1885 688 2361 766 obdormivit;
2408 689 2516 752 sed
2550 693 2791 771 martyr
2827 688 3037 753 beatas
3065 740 3077 752 .
3109 739 3121 753 .
3155 741 3166 751 .

563 806 646 848 ea
689 791 893 850 nocte
935 788 1262 851 visitans
1307 791 1620 868 acyrotam
1653 807 1790 868 per
1834 788 2196 851 somnium
2240 787 2428 850 iussit
2468 787 2740 850 recedere
2784 807 3026 851 sanam.
3101 792 3171 850 at

562 884 667 947 ille
724 886 1294 967 emperyefactns
1355 885 1540 949 sentit
1595 905 1659 949 se
1715 886 2029 950 redditum
2089 884 2496 949 incolomitati
2552 936 2564 947 .
2624 937 2635 948 .
2696 934 2711 948 .
2766 905 2998 949 sanus
3065 885 3167 948 ab·

561 983 821 1046 scessit.“

739 1078 968 1162 Neque
1004 1103 1155 1145 vero
1192 1085 1451 1145 nostrae
1489 1081 1716 1145 aetatis
1756 1078 2023 1144 Graeci
2068 1103 2312 1145 morem
2350 1084 2675 1146 vetustum
2722 1081 3167 1145 destituerunt.

561 1177 652 1241 Le
698 1178 824 1241 Bas
873 1177 1199 1264 (Voyages
1247 1201 1327 1242 en
1384 1177 1578 1243 Grece
1634 1182 1698 1243 et
1753 1201 1834 1242 en
1887 1176 2042 1242 Asie
2097 1178 2385 1243 Mineure
2441 1178 2595 1243 Rev.
2643 1179 2809 1243 arch.
2858 1177 2889 1242 I
2937 1178 3167 1269 [1844]

563 1298 624 1359 p.
647 1276 776 1340 283
791 1273 910 1361 3(1.)
941 1277 1009 1338 111
1036 1277 1425 1341 monasterio
1453 1276 1810 1342 Maritzano
1839 1276 2173 1340 mulierem
2194 1277 2573 1360 observavit,
2602 1299 2764 1361 quae
2793 1281 2939 1340 ante
2977 1277 3171 1340 00010-

565 1374 694 1436 siae
744 1374 942 1437 altare
990 1378 1262 1438 stratum
1309 1375 1563 1458 fecerat,
1609 1379 1683 1438 ut
1718 1379 1916 1439 noctu
1953 1397 2068 1458 per
2103 1398 2416 1460 somnum,
2465 1399 2591 1459 quo
2629 1375 2905 1440 filiolum
2951 1397 3170 1460 aegro-

566 1476 707 1534 tum
771 1476 991 1553 posset
1056 1494 1294 1556 sanare,
1349 1474 1700 1537 remedium
1766 1496 1804 1537 a
1868 1472 2150 1558 Panagia
2219 1473 2343 1538 sibi
2412 1475 2814 1538 indicaretur.
2918 1472 3169 1537 Similia

573 1567 643 1632 Gr.
681 1567 910 1633 Perrot
945 1571 1199 1635 rettulit
1227 1571 1304 1634 de
1331 1570 1560 1654 Lesbo,
1589 1571 1667 1636 cf.
1706 1571 2059 1636 Vercoutre
2096 1571 2252 1636 Rev.
2293 1572 2459 1635 arch.
2489 1570 2618 1637 VII
2656 1569 2888 1658 (1886)
2927 1595 2989 1656 p.
3024 1572 3167 1636 123.
3268 1626 3270 1628 .

738 1667 1071 1733 Nonnulla
1115 1668 1188 1732 B.
1237 1667 1629 1733 Schmidtius
1692 1691 1948 1754 quoque
2004 1670 2073 1733 in
2128 1670 2294 1733 libro
2352 1692 2495 1753 suo,
2552 1671 2663 1753 qui
2722 1670 2900 1755 „Das
2958 1670 3169 1735 Volks-

568 1766 733 1831 leben
780 1768 888 1831 der
932 1767 1390 1848 Neayriechen“
1435 1768 1832 1852 inscribitur,
1879 1765 2182 1831 contulit:
2237 1764 2657 1832 Arachnobae
2714 1769 2917 1832 sancti
2971 1772 3169 1832 noctu

563 1865 639 1927 de
687 1863 861 1928 caelo
909 1865 978 1928 in
1022 1865 1318 1930 ecclesias
1366 1888 1511 1930 suas
1560 1866 1936 1930 descendere
1974 1870 2166 1949 atque
2204 1869 2519 1951 aegrotOS,
2557 1867 2612 1931 si
2649 1866 2804 1930 boni
2842 1869 3008 1950 sunt,
3055 1888 3171 1950 per

565 1984 860 2026 somnum
918 1963 1159 2027 morbis
1215 1963 1485 2027 liberare
1542 1964 1888 2027 creduntur
1943 1961 2030 2049 (p.
2073 1964 2152 2027 77
2177 1960 2315 2049 sq.).
2406 1960 2511 2026 Ad
2564 1962 2949 2029 Parnassum
3001 1968 3169 2047 sunt,

562 2060 672 2143 qui
746 2082 812 2123 se
886 2060 1060 2143 ipsos
1145 2064 1364 2125 sancto
1446 2063 1848 2126 monasterii'
1903 2062 2232 2126 cuiusdam
2325 2062 2563 2146 dicent3
2653 2063 2968 2126 eiusmodi
3056 2062 3170 2126 ho—

565 2158 770 2221 mines
818 2159 1018 2222 vitam
1066 2180 1241 2222 suam
1292 2160 1362 2222 in
1407 2160 1794 2224 monasterio
1852 2160 1966 2224 illo
2023 2161 2291 2246 degunt,
2338 2159 2587 2224 labores
2644 2161 2713 2224 in
2766 2184 2954 2225 usum
3002 2181 3171 2224 com-

564 2278 822 2319 munem
880 2257 1266 2341 suscipiunt,
1330 2258 1571 2321 morbis
1627 2280 1778 2322 vero
1835 2279 1980 2322 cum
2035 2258 2474 2342 corripiuntur
2525 2262 2723 2322 noctu
2777 2260 2896 2323 sub
2954 2258 3169 2343 effigie

563 2355 767 2417 sancti
814 2354 1141 2418 dormiunt
1188 2352 1274 2441 (p.
1318 2351 1446 2441 74).
1528 2353 1783 2419 Accidit
1829 2359 1903 2419 ut
1949 2357 2197 2441 aegroti
2235 2356 2394 2421 duos
2442 2357 2545 2420 vel
2581 2360 2711 2422 tres
2750 2357 2885 2421 dies
2921 2360 3171 2421 noctes—

564 2473 686 2534 que
735 2453 802 2515 111
848 2453 1113 2516 ecclesia
1158 2452 1404 2517 iaceant
1441 2454 1748 2536 prostrati
1796 2452 1886 2540 (p.
1929 2450 2056 2540 78).
2140 2454 2596 2538 Membrorum,
2645 2456 2877 2538 quibus
2924 2455 3171 2520 labora-

563 2548 718 2612 bant
764 2550 1022 2635 infirmi,
1068 2550 1314 2636 effigies
1363 2552 1637 2616 sanitate
1683 2556 2056 2637 recuperata
2102 2553 2397 2616 dicantur
2443 2551 2530 2640 (p.
2573 2549 2712 2640 70),
2759 2553 2825 2616 id
2881 2554 3053 2637 quod
3099 2554 3168 2616 in

562 2645 917 2732 Asclepieis
966 2649 1120 2713 olim
1167 2651 1307 2738 fieri
1354 2651 1619 2714 solebat.
1711 2650 1937 2735 Aquae
1985 2655 2264 2716 sacratae
2312 2649 2756 2738 (ἁγιάσματα),
2803 2675 2964 2736 quae
3010 2654 3171 2716 anti-

564 2747 708 2829 quis
756 2769 1011 2830 quoque
1056 2748 1457 2832 temporibus
1504 2749 1782 2813 multum
1829 2750 2153 2833 valebant,
2200 2772 2498 2835 magnam
2553 2755 2882 2833 praestant
2926 2752 3058 2814 vim
3105 2754 3169 2814 et

565 2867 751 2928 saepe
790 2845 1199 2931 adhibentur3
1246 2847 1660 2911 inveniuntur
1696 2849 1899 2933 igitur
1935 2871 2137 2932 prope
2176 2849 2349 2932 ipsas
2388 2849 2684 2913 ecclesias
2724 2847 2810 2935 (p.
2843 2846 2955 2934 79)
3004 2850 3170 2912 sicut

565 2963 711 3005 cum
776 2941 1143 3028 Aesculapii
1219 2945 1619 3028 aliorumque
1693 2948 1958 3012 deorum
2024 2947 2402 3012 salutarium
2468 2947 2727 3029 templis
2793 2948 3169 3011 coniunctae

563 3063 700 3104 0330
748 3040 1054 3105 solebant.

744 3137 987 3222 Itaque,
1061 3144 1133 3203 ut
1205 3141 1576 3205 testimonia
1658 3164 1851 3227 supra
1941 3144 2135 3207 allata
2225 3144 2750 3227 complectamur,
2841 3143 3168 3209 incubatio

565 3236 916 3300 christiana
951 3237 1191 3301 usitata
1226 3238 1353 3302 fuit
1389 3240 1491 3303 vel
1529 3244 1627 3304 est
1662 3241 1764 3305 his
1812 3242 1881 3304 111
1916 3242 2312 3327 regionibus:
2361 3240 2765 3305 Britannia
2812 3238 3170 3329 (Cantabri-

565 3332 799 3420 gium),
861 3333 1114 3400 Gallia
1178 3335 1487 3423 (Lutetia,
1563 3337 1978 3404 Suessionum
2042 3339 2195 3403 urbs
2270 3337 2653 3424 [Soissons],
2725 3338 3170 3426 Noviomagus

564 3431 658 3516 [N
661 3433 877 3517 oyon],
924 3434 1347 3519 Turonorum,
1395 3435 1805 3501 Trevirorum
1852 3435 2089 3523 urbes),
2136 3436 2370 3501 Italia
2416 3439 2710 3523 superior
2756 3436 3169 3525 (Patavium),

563 3531 773 3594 media
819 3529 1160 3619 (Latium),
1207 3534 1472 3599 inferior
1518 3532 1827 3620 (Nocera,
1884 3532 2224 3622 Calabria),
2272 3534 2521 3621 Syria,
2579 3533 2894 3600 Graecia
2941 3534 3172 3622 (diver-

564 3630 650 3693 sis
697 3628 902 3716 locis).
2275 3671 2282 3676 ·

745 3727 918 3803 Quae
975 3730 1143 3794 inter
1186 3731 1559 3795 testimonia
1615 3754 1723 3796 eos
1784 3735 2038 3796 tantum
2094 3732 2377 3816 recipere
2433 3733 2620 3816 potui
2676 3733 2879 3818 10003,
2936 3733 3168 3817 quibus

564 3827 841 3891 eluceret
885 3828 1174 3918 profecto
1223 3833 1590 3893 sanctorum
1637 3831 1704 3894 in
1752 3830 1948 3894 sacris
1996 3830 2247 3893 somnia
2293 3831 2678 3915 exspectari,
2724 3831 2835 3915 qui
2882 3830 2959 3894 de
3007 3854 3171 3895 mor—

564 3924 663 3988 bis
711 3925 1008 3990 curandis
1053 3925 1156 3990 vel
1203 3926 1279 3990 de
1325 3927 1470 3991 aliis
1514 3927 1706 3992 rebus
1753 3927 2253 3992 consulerentur.
2318 3926 2744 3993 Inveniuntur
2798 3929 2969 3993 enim
3025 3950 3169 3993 cum

566 4021 839 4086 aliorum
886 4024 954 4087 in
1000 4024 1256 4109 scriptis
1304 4029 1443 4089 tum
1492 4026 1659 4110 apud
1707 4023 2086 4110 Gregorium
2119 4025 2571 4090 'Turonensem
2617 4027 2940 4111 permulta
2984 4026 3169 4090 mira-

566 4119 727 4204 cula,
775 4121 850 4184 de
898 4121 1152 4207 quibuS,
1200 4123 1451 4187 etiamsi
1497 4111 1731 4208 primo'
1757 4124 1990 4188 obtutu
2035 4124 2117 4186 ad
2152 4123 2630 4188 incubationem
2668 4129 2955 4209 spectare
3002 4125 3170 4189 vide-

567 4221 773 4299 antur,
819 4222 1032 4283 tamen
1081 4220 1266 4285 aliter
1314 4226 1411 4286 est
1457 4221 1884 4286 iudicandum.
1960 4219 2271 4305 Inspicias
2318 4244 2413 4285 ex.
2461 4244 2553 4308 gr.
2593 4223 2898 4288 Venantii
2945 4221 3170 4287 Fortu-

566 4315 703 4378 nati
730 4316 930 4379 vitam
959 4339 1005 4380 s.
1038 4315 1338 4383 Germani
1361 4318 1480 4384 LV
1502 4316 1688 4407 (148)
1710 4319 1883 4384 Mon.
1906 4316 2111 4385 Germ.
2138 4324 2300 4384 auct.
2322 4319 2475 4384 IV2
2494 4322 2685 4404 p.23:
2713 4323 2893 4401 „item
2919 4342 3057 4385 cam
3084 4322 3172 4384 ad

565 4413 889 4478 basilicam
935 4414 1424 4482 beatissimorum
1467 4418 1731 4483 Gervasi
1767 4423 1826 4482 et
1860 4417 2118 4482 Protasi
2151 4418 2524 4500 viyilataras
2559 4421 2875 4503 accederet,
2912 4420 3170 4501 qnidam

567 4533 778 4578 caecus
822 4513 1052 4578 institit
1095 4515 1586 4580 misericordiam
1622 4516 1949 4598 postolare.
1987 4517 2090 4580 cai
2133 4517 2233 4579 vir
2258 4515 2385 4580 Dei
2411 4519 2727 4600 praecepit
2769 4519 2930 4582 inter
2974 4518 3172 4581 altare

570 4606 682 4696 (——-
730 4608 981 4697 altaris)
1028 4616 1378 4677 sanctornm
1424 4615 1724 4696 reliquias
1767 4619 1840 4678 nt
1872 4615 2161 4679 iaceret.
2208 4635 2325 4696 quo
2358 4620 2610 4696 peracto
2649 4617 2857 4698 primo
2903 4616 3171 4680 dilaculo

566 4728 711 4771 mox
754 4730 938 4792 saper
982 4710 1182 4775 oculos
1226 4712 1474 4793 signam
1511 4714 1709 4777 crucis
1743 4713 1974 4798 intulit,
2011 4712 2122 4778 lam
2155 4713 2403 4796 effulsit.
2448 4719 2507 4779 et
2550 4719 2706 4779 totas
2742 4713 2914 4778 labor
2950 4715 3173 4778 medici
