3611 5264
1287 311 1369 364 De
1406 309 1768 365 incubatione
1808 308 2130 365 christiana.
2886 310 3011 373 109

397 486 532 541 τῶν
578 473 691 563 (se.
733 474 886 560 Cyri
933 478 996 538 et
1041 472 1331 561 Ioannis)
1381 472 1653 551 σύναξις
1700 473 1772 539 ἐν
1818 482 1910 561 τῷ
1956 476 2296 561 μαρτυρίᾳ)
2344 473 2566 538 αὐτῶν
2609 482 2702 561 τῷ
2749 474 2894 538 ὄντι
2941 472 3014 537 ἐν

396 584 536 650 τοῖς
586 576 943 660 Φωρακίου
956 570 1026 657 1).
1100 570 1594 656 Antiquissimis
1641 572 1900 635 iamiam
1947 571 2349 656 temporibus
2386 571 2686 654 Byzantii
2723 571 2791 634 in
2828 569 3016 633 Diosss

398 693 699 735 eurorum
748 693 927 735 sacro
976 670 1455 734 incubationem
1500 670 1809 734 usitatam
1856 670 2056 734 fuisse
2102 693 2162 754 p.
2196 670 2277 733 79
2327 669 2774 756 eonelusimUS‚
2829 669 3015 733 adda-

399 791 542 832 mus
589 768 864 853 denique
914 768 1136 832 eodem
1181 767 1323 832 loeo
1369 766 1838 852 Amphiaraum
1886 789 2141 853 quoque
2188 768 2433 832 cultum
2487 765 2776 855 fuisse²)‚
2833 768 3012 832 euius

397 866 464 930 in
510 866 751 951 templo
800 864 1040 951 Oropio
1090 866 1339 931 somnia
1387 869 1754 950 exspectare
1803 866 2097 930 solebam:
2144 867 2409 952 aegroti.

570 964 1114 1029 Perlustravimus
1176 964 1655 1029 incubationem
1712 963 2156 1049 christianam,
2212 965 2294 1028 ad
2339 965 2534 1029 finem
2588 965 3011 1049 pervenimus,

393 1061 694 1127 Vidimus
740 1084 931 1127 usum
977 1061 1161 1127 illum
1209 1063 1356 1126 inde
1402 1086 1441 1126 a
1488 1061 1675 1145 Syria
1721 1084 1926 1146 usque
1983 1062 2064 1126 ad
2109 1062 2515 1127 Britanniam
2560 1047 3013 1149 pervulgatum

397 1181 533 1223 esse
579 1159 648 1223 in
695 1159 961 1224 eeclesia
1007 1160 1375 1225 christiana.
1465 1159 1663 1224 Plura
1709 1161 1983 1225 fortasse
2037 1160 2376 1246 addentur-3
2433 1161 2606 1245 quod
2660 1162 3012 1225 maximum

396 1259 679 1321 constat:
728 1257 1208 1322 incubationem
1257 1258 1577 1322 ethnicam
1625 1261 1799 1323 veste
1847 1261 2097 1322 mutata
2153 1258 2220 1321 in
2276 1258 2607 1323 ecelesiam
2661 1259 3012 1345 transiisse,

347 1394 351 1398 -
399 1354 574 1439 ipsos
614 1355 766 1421 deos
807 1356 1097 1422 ethnicos
1135 1355 1464 1421 nonnullis
1500 1356 1660 1420 loeis
1700 1358 1819 1421 sub
1852 1360 2221 1421 sanctorum
2249 1356 2746 1421 christianorum
2783 1357 3010 1443 figuris

391 1451 604 1518 latere.
726 1453 897 1519 Sane
960 1454 1314 1519 Reinoldus
1378 1454 1671 1519 Dehnius
1738 1455 2064 1519 societatis
2128 1452 2276 1518 Iesu
2347 1455 2484 1518 sine
2549 1455 2745 1519 dubio
2820 1455 3009 1519 nobis

398 1555 776 1635 opponeret:
825 1574 999 1632 „cam
1046 1555 1169 1618 duo
1210 1555 1459 1636 faciunt
1508 1556 1699 1632 idem,
1754 1575 1882 1618 non
1936 1558 2024 1619 est
2074 1554 2272 1617 idmst
2293 1550 2363 1640 ³).
2454 1551 2595 1618 Nos
2657 1575 2807 1617 vero
2864 1574 3010 1617 eum

395 1652 607 1713 vetere
673 1651 995 1716 Vandalio
1063 1651 1120 1715 ei
1184 1651 1710 1736 responderemus
1773 1651 1931 1716 haee
1996 1651 2216 1716 eodem
2289 1652 2480 1716 modo
2555 1673 2690 1715 esse
2756 1649 3012 1735 Graeca,

393 1748 524 1829 „uti
558 1749 852 1830 plurima
897 1750 1032 1814 alia
1079 1754 1208 1814 tam
1251 1750 1424 1814 mala
1468 1771 1657 1831 quam
1704 1749 1865 1814 bona
1910 1755 1984 1814 ex
2037 1749 2426 1814 Etknicismo
2485 1750 2556 1813 in
2607 1746 3012 1812 Christianis-

393 1866 565 1909 mum
624 1848 935 1912 translata
989 1849 1383 1929 antiquitatis
1427 1849 1735 1914 Ethnicae
1788 1868 1864 1911 ae
1927 1846 2323 1912 Christianae
2375 1846 2843 1929 indayatoribas
2885 1866 3012 1911 non

384 1945 840 2024 praeiudicatis
885 1943 1236 2032 oonstaff‘4).

578 2140 629 2208 1)
666 2138 847 2208 Prope
886 2140 958 2193 ab
998 2139 1289 2209 Octagono
1327 2141 1385 2193 et
1421 2139 1658 2194 ecelesia
1695 2157 1736 2193 S.
1776 2138 2035 2209 Sophiae,
2075 2138 2143 2193 ef.
2181 2138 2438 2192 tabulam
2466 2135 2866 2192 Mordtmanni.

573 2218 625 2286 2)
654 2215 965 2289 Ἀμφιάρεω
984 2218 1046 2273 δὲ
1073 2228 1174 2274 τοῦ
1202 2218 1383 2289 ἥρωος
1410 2223 1505 2291 (se.
1528 2222 1767 2290 sacrum)
1797 2219 1859 2274 ἐν
1884 2229 2009 2283 ταῖς
2042 2219 2365 2289 λεγομέναις
2383 2222 2597 2281 Συκαῖς
2623 2218 2713 2287 (ef.
2735 2237 2788 2286 p.
2813 2222 2932 2283 106,
2954 2219 3006 2285 2)

397 2295 755 2369 ᾠκοδόμησεν
790 2310 886 2359 (se.
927 2299 1129 2367 Byzas)
1167 2298 1296 2352 Hes.
1335 2299 1515 2353 Miles.
1549 2306 1614 2354 16
1653 2299 1835 2353 FHG.
1872 2299 1950 2353 IV
1980 2305 2097 2353 149.

570 2378 623 2446 3)
664 2377 732 2433 of.
762 2380 928 2432 notas
977 2377 1096 2431 eius
1149 2379 1224 2432 ad
1268 2378 1418 2432 mirr.
1467 2379 1523 2434 C.
1564 2382 1623 2434 et
1667 2380 1732 2434 D.
1784 2379 1936 2447 apud
1980 2379 2223 2448 Wangn.
2262 2396 2316 2447 p.
2346 2376 2619 2431 XXXVII.
2693 2376 2912 2430 Ibidem
2948 2376 3009 2428 in

393 2458 772 2526 comparanda
808 2458 1180 2512 incubatione
1227 2458 1535 2513 christiana
1581 2460 1639 2513 et
1685 2458 1911 2512 ethnica
1958 2459 2028 2511 de
2072 2458 2181 2512 hae
2228 2459 2408 2511 altera
2453 2460 2827 2512 asseveratur:
2865 2456 3010 2522 „Sed

389 2539 522 2591 haee
555 2539 742 2591 omnia
779 2538 1045 2592 Ethnicos
1078 2539 1265 2605 fecisse
1300 2545 1513 2594 constat
1546 2557 1583 2592 a
1618 2539 1876 2593 daemone
1902 2538 2048 2593 malo
2083 2539 2488 2605 circumvento&
2533 2538 2597 2590 i‘n
2637 2537 2805 2591 hostis
2840 2537 3008 2589 huius

390 2618 756 2685 infensissimi
791 2618 912 2672 Deo
948 2619 1310 2688 obsequium“.

571 2701 626 2767 4)
663 2698 745 2752 De
783 2698 1023 2752 oraculis
1059 2717 1113 2768 p.
1146 2704 1248 2753 335
1288 2699 1752 2769 (Amstelaedami
1795 2703 1969 2771 1683).
