3611 5264
527 380 654 444 102
1669 376 1853 446 Caput
1886 376 1977 431 IV.

522 568 579 609 v.
610 545 715 628 26,
744 543 901 609 206:
948 541 1341 608 Aretarchus
1390 541 1699 626 sophista,
1747 541 1859 624 qui
1896 564 1931 605 e
1967 540 2228 605 renibus
2266 539 2619 624 laborabat,
2664 542 2853 626 ἔτυχε
2884 593 2896 606 .
2926 590 2941 606 .
2972 594 2985 606 .
3015 560 3140 607 σω-

522 646 751 729 τηρίας
795 643 973 728 παρὰ
1018 650 1135 725 τῆς
1179 642 1513 728 μάρτυρος
1560 640 1873 723 εἰπούσης
1918 641 2190 704 ἔσεσθαι
2229 640 2583 724 φάρμακον
2619 639 2795 726 αὐτῷ
2834 638 2943 704 καὶ
2982 642 3140 717 ἄκος

522 752 642 807 τοῦ
687 740 953 817 πάθους
998 737 1491 818 ἀψευδέστατον
1537 739 1698 802 ἄλλο
1745 733 1868 821 μὲν
1914 734 2115 802 οὐδὲν
2159 736 2201 821 ἢ
2247 738 2321 801 τὸ
2371 746 2715 803 νυκτιαῑον
2750 746 2871 802 τοῦ
2919 739 3140 821 φωτὸς

522 849 642 906 τοῦ
689 837 798 905 καὶ
843 839 963 903 τὸν
1008 837 1210 922 αὐτῆς
1252 827 1792 920 καταλάμποντος
1839 832 1941 899 ἀεὶ
1986 845 2208 920 χῶρον
2253 837 2479 899 ἔλαιον
2524 831 2632 920 (cf.
2670 859 2731 919 p.
2772 835 2875 919 82,
2906 834 2976 922 2)
3017 887 3030 900 .
3070 888 3082 900 .
3125 887 3138 900 .

523 947 637 1020 τῆς
690 933 813 1022 μὲν
880 936 1113 1012 ἰάσεως
1176 937 1392 1018 ἔτυχε,
1457 942 1573 1016 τῆς
1636 929 1711 997 δὲ
1774 932 2076 1016 ἀσεβείας
2131 932 2252 997 οὐκ
2319 931 2662 1016 ἀπηλλάγη
2710 982 2725 997 .
2772 983 2787 998 .
2835 985 2848 997 .
2897 932 2957 998 εὁ
3012 935 3137 1020 γὰρ

526 1036 1081 1122 Σαρπηδόνιός
1143 1032 1311 1117 μοι’,
1374 1035 1567 1115 φησί,
1625 1031 1721 1095 ετὸ
1789 1033 2061 1114 ζητῆσαί
2117 1054 2187 1095 τε
2245 1029 2396 1116 παρ’
2472 1031 2674 1113 αὐτῆς
2735 1029 2845 1095 καὶ
2910 1035 3140 1115 λαβεῖν

522 1130 1053 1219 προσέταξεν’.
1145 1129 1372 1214 Itaque
1419 1128 1770 1193 christiana
1817 1150 1963 1192 cum
2019 1127 2293 1193 ethnicis
2350 1149 2417 1193 se
2471 1128 2738 1194 miscere
2791 1151 2923 1194 non
2979 1129 3140 1194 desi-

520 1235 700 1295 nunt.
775 1227 1044 1293 Maximi
1080 1250 1232 1293 vero
1273 1249 1434 1311 quae
1472 1227 1549 1291 de
1588 1225 1913 1291 Seleuciae
1952 1226 2211 1292 oraculo
2250 1226 2593 1291 traduntur
2639 1230 2790 1292 sunt
2826 1227 3139 1293 momenti

521 1330 879 1413 propterea,
936 1326 1108 1409 quod
1161 1326 1286 1391 hoc
1343 1324 1487 1391 loco
1543 1325 1742 1389 trium
1799 1323 2187 1410 religionum
2245 1347 2406 1408 quae
2462 1325 2631 1390 inter
2685 1348 2753 1390 se
2811 1326 3141 1411 excipiunt

522 1426 799 1509 vestigia
871 1445 1211 1509 possumus
1278 1423 1609 1509 indagare:
1683 1422 2055 1507 chthoniae,
2129 1421 2542 1509 Apollineae,
2606 1422 3017 1510 christianae3
3072 1425 3140 1488 id

524 1524 696 1608 quod
735 1523 1120 1607 exprimitur
1159 1521 1506 1606 Sarpedon,
1553 1519 1813 1605 Apollo,
1860 1520 2096 1585 Thecla
2131 1520 2522 1586 nominibus.
2599 1519 2758 1586 Cum
2795 1522 2877 1586 ad
2914 1522 3139 1607 populi

522 1621 728 1706 ipsius
775 1622 969 1684 fidem
1015 1620 1280 1705 respicis
1290 1672 1307 1704 ,
1357 1618 1689 1703 Sarpedon
1733 1641 2086 1702 numquam
2140 1619 2221 1683 ab
2267 1615 2573 1703 Apolline
2628 1623 2727 1684 est
2781 1641 3140 1705 repressus3

520 1742 671 1784 nam
736 1720 791 1784 is
856 1720 1022 1805 ipse,
1080 1741 1213 1784 non
1285 1717 1522 1802 Lycius
1591 1717 1746 1781 deus
1755 1768 1772 1801 ,
1839 1739 1877 1780 a
1938 1720 2220 1800 martyre
2286 1716 2640 1782 christiana
2711 1719 3138 1783 continuatur.

523 1817 662 1894 Qua
707 1840 774 1882 re
822 1818 1030 1882 denuo
1080 1816 1440 1881 declaratur
1483 1815 1691 1879 multo
1750 1814 2002 1879 firmius
2049 1813 2440 1880 Graecorum
2503 1815 2744 1900 populo
2800 1817 3139 1902 mysticam

521 1916 700 1980 illam
747 1916 1011 1980 insitam
1058 1915 1259 1979 fuisse
1296 1914 1679 2000 religionem
1726 1912 2101 1978 chthoniam
2140 1934 2332 1997 quam
2378 1913 2652 1979 hilarem
2691 1913 3139 1999 Olympiorum

522 2013 942 2098 splendorem.

702 2110 1009 2195 Superest
1054 2114 1128 2175 ut
1175 2111 1252 2174 de
1298 2114 1505 2175 morte
1552 2110 1825 2175 Theclae
1871 2131 2075 2195 pauca
2119 2110 2446 2194 addamUS,
2493 2109 2572 2174 de
2619 2133 2745 2195 qua
2789 2109 3071 2175 Basilius
3107 2110 3139 2176 I

524 2233 585 2294 p.
622 2209 749 2273 122
771 2232 863 2293 sq.
912 2209 1139 2274 scribit
1182 2208 1366 2274 haec:
1414 2208 1737 2293 ἐκοιμήθη
1784 2207 1938 2293 μέν,
1984 2209 2084 2284 ὡς
2139 2206 2175 2272 ὁ
2229 2210 2476 2284 πολὺς
2530 2206 2659 2273 καὶ
2716 2207 3141 2292 ἀληθέστε-

523 2331 661 2393 ρος
708 2311 972 2391 λόγος,
1021 2308 1355 2393 οὐδαμῶς,
1403 2308 1540 2371 ἔδυ
1587 2303 1671 2371 δὲ
1726 2310 1924 2385 ζῶσα
1968 2304 2078 2370 καὶ
2123 2306 2559 2388 ὑπεισῆλθε
2602 2307 2726 2389 τὴν
2771 2315 2920 2391 γῆν,
2965 2306 3137 2372 οὕτω

523 2414 614 2492 τῷ
670 2410 813 2494 Θεῷ
862 2405 1066 2484 δόξαν
1104 2407 1527 2488 διαστῆναί
1566 2428 1635 2469 τε
1682 2404 1849 2491 αὐτῇ
1886 2402 1996 2469 καὶ
2041 2403 2597 2490 ὑπορραγῆναι
2642 2406 2765 2488 τὴν
2809 2412 2937 2488 γῆν
2984 2403 3141 2468 ε’κεί-

520 2527 639 2589 νῃ,
677 2502 751 2568 ἐν
807 2496 981 2591 ᾧπερ
1031 2506 1210 2592 τόπῳ
1247 2502 1287 2587 ἡ
1338 2507 1493 2568 θεία
1529 2500 1639 2567 καὶ
1680 2505 1824 2589 ἱερὰ
1861 2501 1970 2568 καὶ
2009 2503 2461 2588 λειτουργικὸς
2495 2501 2744 2586 πέπηγε
2780 2503 3138 2589 τράπεζα...

524 2599 634 2667 καὶ
679 2603 927 2679 παντὸς
971 2598 1094 2687 μὲν
1129 2602 1417 2685 πάθους,
1463 2602 1676 2684 πάσης
1712 2597 1788 2667 δὲ
1827 2600 2197 2689 ἀρρωστίας
2234 2600 2529 2667 αὐτόθεν
2575 2600 2847 2685 ἀφιεῖσα
2892 2602 3141 2684 πηγὰς

521 2702 881 2786 ἰαμάτων
938 2751 953 2766 .
1000 2752 1013 2766 .
1061 2750 1076 2765 .
1133 2701 1223 2777 ὡς
1278 2695 1449 2766 εἶναι
1506 2700 1915 2784 πάνδημον
1963 2701 2319 2786 ἰατρεῖον
2374 2700 2493 2765 τὸν
2546 2702 2772 2765 τόπον.
2866 2698 3139 2775 Quibus-

525 2820 673 2863 cum
733 2803 884 2863 sunt
949 2798 1358 2879 conferenda,
1418 2821 1580 2882 quae
1626 2799 1695 2862 in
1749 2797 1939 2862 Pauli
2008 2801 2071 2862 et
2135 2797 2409 2862 Theclae
2468 2801 2758 2863 actorum
2812 2798 2941 2862 fine
2983 2820 3141 2861 non-

525 2896 723 2961 nullis
770 2896 1097 2961 codicibus
1143 2897 1501 2962 traduntur.
1591 2896 1659 2962 N
1661 2901 1958 2961 arrantur
2013 2895 2183 2961 enim
2238 2897 2397 2960 haec
2411 2893 2489 2983 ¹):
2538 2894 2865 2961 Seleuciae
2909 2895 3140 2959 medici

524 2994 982 3058 detrimentum
1030 2995 1396 3079 capiebant,
1443 2995 1596 3079 quia
1651 2994 1890 3059 Thecla
1954 3015 2116 3078 quae
2172 2994 2241 3058 in
2298 3015 2492 3078 specu
2545 2993 2884 3058 habitabat
2937 3016 3140 3078 prope

520 3093 745 3156 urbem
808 3093 934 3155 sita
997 3093 1227 3178 gratiis
1289 3093 1554 3156 curabat
1626 3093 1938 3156 infirmoS.
2028 3090 2297 3156 Iuvenes
2344 3092 2546 3176 igitur
2592 3093 2673 3156 ad
2719 3092 3140 3177 stuprandam

522 3193 809 3254 sanctam
873 3191 1217 3275 miserunt,
1283 3212 1410 3275 quo
1475 3190 1645 3256 facto
1708 3189 2042 3276 Theclam,
2108 3212 2301 3276 quam
2360 3191 2718 3257 Artemidis
2772 3192 3140 3256 ministram

521 3310 662 3352 esse
720 3287 1064 3373 putabant,
1124 3288 1257 3353 vim
1314 3288 1712 3353 salutiferam
1769 3289 2162 3354 defecturam
2218 3311 2354 3354 esse
2420 3290 2778 3376 sperabant.
2873 3288 3141 3355 Summo

521 3385 589 3449 in
636 3385 922 3470 periculo
969 3386 1145 3450 Deus
1193 3386 1495 3450 adoratus
1532 3387 1803 3470 martyri
1841 3387 1998 3451 haec
2035 3388 2380 3473 respondet
2427 3387 2491 3476 (e
2529 3389 2745 3453 codice
2785 3387 2841 3454 G
2868 3412 2929 3473 p.
2950 3386 3140 3475 272):

520 3485 608 3567 μὴ
656 3487 965 3570 φοβηθῇς
1013 3536 1025 3549 .
1075 3536 1087 3549 .
1138 3536 1151 3548 .
1210 3486 1312 3550 ἴδε
1360 3485 1528 3550 ὅπου
1573 3483 1895 3573 ἠνέῳκται
1940 3484 2320 3572 ἔμπροσθέν
2367 3503 2521 3571 σου,
2579 3486 2716 3551 ἐκεῖ
2765 3488 2892 3573 γὰρ
2958 3481 3142 3562 οἶκος

528 3582 800 3658 αἰώνιος
846 3585 1027 3646 ἔσται
1066 3601 1192 3665 σοι,
1239 3581 1425 3648 κάκεῖ
1468 3585 1589 3666 τὴν
1628 3582 1976 3662 ἐπίσκεψιν
2013 3583 2188 3669 δέχῃ.
2226 3582 2336 3649 καὶ
2386 3636 2398 3648 .
2439 3636 2452 3649 .
2492 3634 2506 3648 .
2557 3582 2772 3649 Θέκλα
2830 3586 2974 3650 ἴδεν
3017 3585 3142 3667 τὴν

520 3678 772 3765 πέτραν
830 3679 1376 3767 ἀνεῳχθεῑσαν
1432 3681 1592 3746 ὅσον
1646 3693 1850 3767 χωρεῖ
1901 3683 2268 3768 ἄνθρωπον
2327 3680 2602 3748 εἰσιέναι
2647 3732 2662 3746 .
2710 3733 2723 3747 .
2778 3731 2795 3747 .
2841 3680 2951 3748 καὶ
2997 3732 3012 3747 .
3061 3734 3074 3747 .
3125 3735 3138 3747 .

521 3779 903 3860 εἰσῆλθεν
963 3780 1076 3854 εἰς
1134 3779 1273 3862 τὴν
1345 3776 1660 3864 πέτραν·
1717 3777 1828 3844 καὶ
1893 3783 2332 3863 συνεκλείσθη
2390 3780 2600 3858 εὐθὺς
2657 3778 2950 3866 ἡπέτρα
3002 3786 3138 3846 κτλ.

528 3876 605 3939 cf.
637 3873 825 3940 ABG
865 3897 914 3941 c.
953 3875 1059 3960 44,
1087 3876 1131 3938 4
1168 3899 1228 3960 p.
1258 3876 1416 3940 270:
1460 3879 1746 3963 προνοίᾳ
1782 3873 1858 3940 δὲ
1894 3884 2064 3943 θεοῦ
2102 3878 2414 3961 εἰσῆλθεν
2452 3877 2526 3943 ἐν
2561 3888 2640 3964 τῇ
2676 3877 2883 3965 πέτρᾳ
2920 3883 3140 3962 ζῶσα,

520 3971 629 4037 καὶ
675 3975 799 4057 τὴν
845 3983 998 4058 γῆν
1040 3972 1373 4061 ὑπέβηῗ).
1467 3974 1544 4038 cf.
1595 3971 1872 4038 Simeon.
1917 3974 2338 4060 Metaphrast.
2385 3976 2495 4040 vit.
2535 3976 2749 4041 Thecl.
2796 3977 2866 4040 in
2910 3976 3140 4041 Basilii

522 4070 803 4134 editione
850 4095 911 4156 p.
951 4072 1109 4136 290:
1158 4072 1283 4159 ὁρᾷ
1325 4070 1463 4138 κατ’
1519 4073 1680 4151 ὄψιν
1724 4071 1973 4159 πέτραν
2019 4075 2060 4138 δ
2072 4085 2572 4158 ιανοιγεῖσαν
2610 4125 2622 4138 .
2663 4124 2677 4138 .
2715 4124 2730 4139 .
2769 4074 2980 4151 εὐθὺς
3017 4124 3031 4138 .
3070 4123 3084 4138 .
3124 4125 3138 4139 .

525 4169 620 4244 εἰς
675 4169 818 4250 τὴν
869 4167 1160 4256 πέτραν
1224 4168 1467 4235 ἐσέδυ.
1562 4169 1739 4247 Quae
1797 4171 1958 4236 actis
2014 4172 2235 4236 insunt
2301 4194 2378 4236 ex
2433 4172 2541 4257 iis,
2595 4194 2757 4256 quae
2814 4170 3140 4238 Seleuciae

702 4434 754 4500 1)
791 4432 860 4487 cf.
900 4433 1045 4487 Acta
1081 4435 1461 4502 apostolorum
1499 4436 1822 4506 apocrypha
1859 4437 1984 4490 edd.
2023 4436 2247 4507 Lipsius
2286 4438 2344 4491 et
2371 4437 2593 4492 Bonnet
2628 4437 2654 4491 I
2690 4457 2743 4508 p.
2776 4443 2881 4491 270
2901 4455 3018 4507 sqq.

577 4558 587 4569 .
701 4515 753 4582 2)
793 4512 1057 4581 Sequitur
1109 4512 1202 4567 hic
1255 4516 1505 4570 narratio
1561 4517 1631 4570 de
1691 4517 2054 4572 subterraneo
2111 4516 2354 4571 Theclae
2410 4516 2613 4571 itinere
2677 4518 2914 4573 Romam
2969 4517 3141 4588 fact0‚

521 4609 636 4660 qua
664 4593 734 4646 de
762 4610 821 4646 re
857 4595 1008 4647 recte
1045 4593 1284 4649 fortasse
1320 4595 1597 4650 iudicavit
1632 4596 1855 4666 Lipsius
1893 4596 1998 4651 Die
2029 4597 2220 4666 apokr.
2252 4597 2676 4667 Apostelgesch.
2708 4615 2761 4652 u.
2792 4597 3140 4669 Apostelleg.

520 4672 572 4725 H
604 4677 631 4724 1
662 4690 714 4739 p.
746 4679 874 4727 432:
913 4674 1035 4740 „Es
1073 4675 1199 4744 lieyt
1233 4676 1392 4742 nahe,
1437 4678 1500 4730 in
1546 4677 1641 4731 der
1688 4678 1816 4733 bobr.
1864 4678 2191 4749 Erzc‘t'hluny
2237 4677 2344 4732 den
2388 4678 2626 4734 Versuch
2670 4693 2741 4733 zu
2787 4678 3001 4746 finden,
3047 4678 3140 4734 die

525 4751 760 4807 Gebeine
796 4752 846 4807 d.
886 4753 1148 4825 Heiliqen
1182 4755 1282 4823 fiir
1318 4755 1464 4811 Rom
1501 4772 1571 4812 zu
1608 4759 1977 4815 annectiren‘fi
