3611 5264
558 328 603 393 4
1739 331 1923 401 Caput
1957 332 1998 385 I.

560 491 1079 577 Saresberiensis‚
1123 489 1530 575 Nicephorus
1578 489 1915 578 Gregoras.
2006 492 2330 557 Differunt
2376 493 2443 556 in
2490 492 2763 578 singulis
2809 491 3171 558 Artemido-

558 612 696 674 rus,
751 589 1023 653 Ioannes
1070 588 1599 673 Saresberiensis‚
1654 590 1890 674 reliqui
1936 591 2106 654 inter
2158 611 2226 653 se
2280 590 2523 654 scilicet
2575 596 3013 676 congruentes.
3094 590 3170 654 Id

563 688 738 771 quod
780 687 904 751 hoc
947 687 1081 751 fere
1127 691 1463 752 stemmate
1511 687 1784 770 exprimi
1829 692 2070 771 potest:

972 899 2442 1378 „sm

1548 1303 1742 1358 Ioann.
1812 1315 1935 1369 Nic.
1968 1311 2132 1380 Greg.
2424 1326 2744 1384 Macrobius

1536 1384 1757 1442 Saresb.
2024 1398 2378 1467 Ps,-August.

734 1627 836 1694 Ex
891 1629 994 1694 his
1052 1629 1414 1694 somniandi
1467 1629 1676 1694 modis
1733 1629 2064 1694 divinandi
2118 1629 2217 1694 vis
2280 1650 2410 1692 non
2464 1627 2593 1692 nisi
2654 1627 2866 1692 tribus
2919 1627 3168 1692 ultimis

560 1726 991 1812 tribuebatur,
1040 1727 1297 1792 oraculo
1345 1726 1616 1811 scilicet,
1662 1728 1916 1812 visioni,
1981 1728 2247 1792 somni0.
2323 1727 2641 1792 ἐνύπνιον
2695 1730 2760 1789 et
2814 1726 3169 1810 φάντασμα

555 1814 746 1907 „eard
789 1825 1318 1907 interpretationis
1359 1827 1626 1908 indiyna
1677 1832 1838 1905 sunt,
1884 1827 2036 1907 quia
2080 1826 2243 1890 nihil
2286 1825 2695 1889 divinationis
2738 1826 3075 1905 adportant
3084 1823 3167 1910 1),·

554 1941 688 1984 nna
732 1941 871 1985 enm
924 1941 1137 1987 somno
1192 1923 1447 1988 avolant
1507 1929 1566 1987 et
1604 1925 1854 2005 pariter
1906 1921 2384 2009 evanescantfffl)
2475 1921 2700 2006 Itaque
2755 1923 2879 2000 „ad
2926 1922 3169 1986 nullam

554 2020 844 2083 noscendi
885 2021 1094 2101 futuri
1139 2015 1348 2101 opern“
1390 2020 1804 2103 recipiuntur.
1820 2019 1871 2107 3)
1889 2078 1906 2095 ,,

733 2114 1259 2181 Praesensionem
1324 2117 1644 2200 quandam
1706 2139 1921 2181 rerum
1984 2118 2349 2181 futurarum
2412 2116 2493 2180 iis
2557 2116 2897 2200 praecipue
2960 2116 3169 2180 inesse

559 2211 902 2277 credebant
964 2215 1233 2278 somniis
1243 2265 1261 2298 ‚
1318 2236 1481 2298 quae
1533 2237 1746 2279 mane
1800 2213 2270 2302 apparerent4)‚
2325 2235 2470 2278 oum
2525 2215 2778 2277 animus
2831 2214 3167 2278 hominum

555 2311 835 2374 maxime
881 2332 919 2374 a
966 2333 1231 2396 corpore
1278 2317 1446 2377 esset
1490 2312 1821 2396 liberatus,
1868 2312 1993 2396 ipsi
2038 2333 2187 2376 vero
2233 2310 2526 2375 homines
2572 2332 2779 2395 neque
2824 2311 3170 2396 vigilarent

556 2429 766 2491 neque
813 2408 1187 2493 dormirent,
1233 2411 1345 2474 sed
1390 2411 1601 2474 media
1636 2410 1914 2495 quadam
1961 2410 2333 2474 condicione
2387 2409 2753 2494 penderent.
2791 2482 2795 2485 ,
2855 2408 2962 2475 Sic
3006 2409 3166 2473 Iam-

554 2504 810 2569 blichus
858 2505 964 2593 (de
1020 2512 1208 2591 myst.
1246 2505 1342 2571 111
1379 2507 1449 2594 2)
1507 2509 1601 2571 dea
1637 2508 1908 2573 somniis
1964 2507 2274 2572 divinitus
2329 2507 2546 2571 missis
2610 2506 2778 2570 inter
2832 2507 2958 2571 alia
3011 2506 3168 2589 haec

553 2603 828 2687 profert:
891 2603 1031 2671 ἀλλ’
1099 2606 1248 2689 ἤτοι
1308 2615 1429 2671 τοῦ
1488 2605 1709 2672 ὕπνου
1777 2605 2282 2690 ἀπολείποντος,
2337 2603 2720 2692 ἀρχομένων
2783 2606 2932 2693 ἄρτι
2980 2605 3168 2693 ἐγρη-

553 2701 862 2788 γορέναι,
908 2702 1178 2769 ἀκούειν
1240 2704 1514 2790 πάρεστι
1568 2755 1581 2767 .
1631 2755 1644 2768 .
1689 2752 1732 2787 .,
1804 2702 1847 2787 ἢ
1909 2702 2195 2788 μεταξὺ
2261 2712 2397 2769 τοῦ
2463 2702 2993 2790 ἐγρηγορέναι
3038 2702 3168 2768 καὶ

552 2800 991 2865 καθεύδειν
1040 2803 1256 2866 ὄντων
1310 2800 1352 2884 ἢ
1396 2800 1507 2866 καὶ
1550 2806 1889 2877 παντελῶς
1926 2800 2385 2888 ἐγρηγορότων
2430 2801 2504 2866 αἰ
2536 2799 2757 2885 φωναὶ
2793 2801 3166 2867 ἀκούονται.

556 2894 678 2959 Ex.
717 2919 811 2981 gr.
861 2898 1203 2961 afferamus
1259 2898 1497 2962 Marini
1541 2898 1755 2963 locum
1803 2921 1838 2962 e
1891 2899 2026 2962 vita
2070 2898 2286 2963 Procli
2332 2899 2449 2983 30,
2504 2899 2618 2962 ubi
2666 2899 2742 2962 de
2796 2897 3168 2983 Aesculapii

554 2992 899 3075 epiphania
943 2993 1068 3058 hoc
1126 2995 1387 3061 dieitur:
1441 2995 1725 3081 μεταξὺ
1786 2997 1913 3082 γὰρ
1974 2994 2071 3060 ὢν
2129 2996 2383 3061 ὕπνου
2436 2993 2566 3060 καὶ
2621 2995 3169 3080 ἐγρηγόρσεως

553 3086 689 3154 εἶδε
735 3091 1066 3176 δράκοντα
1109 3098 1243 3158 κτλ.
1334 3092 1664 3158 Interdum
1710 3094 1868 3157 adeo
1919 3094 2135 3177 potuit
2188 3093 2477 3157 vividum
2534 3113 2670 3157 esse
2725 3093 3049 3157 somnium
3093 3098 3168 3157 ut

737 3337 789 3404 1)
827 3335 1076 3392 Macrob.
1105 3337 1144 3391 1.
1174 3354 1218 3392 c.
1251 3342 1301 3405 3,
1331 3344 1379 3394 3.
1887 3401 1895 3410 ,
2751 3359 2755 3363 Α

733 3416 788 3484 2)
827 3414 902 3470 ib.
936 3421 986 3482 3,
1027 3422 1074 3473 5.
1116 3416 1184 3471 cf.
1222 3418 1434 3473 Artem.
1477 3417 1661 3472 Oneir.
1692 3417 1719 3471 I
1757 3424 1784 3471 1
1824 3436 1878 3487 p.
1900 3425 1950 3485 3,
1980 3423 2048 3472 26
2084 3417 2180 3473 H.:
2228 3415 2320 3486 ἐφ’
2374 3417 2507 3474 ὅσον
2553 3418 2654 3489 μὲν
2700 3418 2967 3477 ἐνύπνιόν
3018 3419 3166 3476 ἐστιν

557 3492 785 3564 ἐνεργεῖ,
822 3493 1158 3564 παυομένων
1194 3496 1257 3551 δὲ
1293 3506 1406 3553 τῶν
1440 3496 1634 3553 ὕπνων
1669 3496 2017 3566 ἀφανίζεται.

733 3575 787 3643 3)
824 3574 900 3629 ib.
919 3581 1034 3642 3‚8.
1075 3577 1347 3632 Artemid.
1377 3578 1403 3630 I
1433 3584 1460 3631 1
1491 3597 1544 3648 p.
1568 3578 1749 3643 3,5Η.
1780 3577 2058 3632 somnium
2086 3580 2145 3632 et
2172 3578 2511 3633 insomnium
2540 3579 2809 3634 discernit
2835 3580 2944 3634 hoc
2970 3581 3164 3635 modo:

551 3656 726 3727 ταύτῃ
772 3656 880 3727 γὰρ
927 3656 1151 3726 ὄνειρον
1198 3655 1468 3713 ἐνυπνίου
1506 3655 1799 3727 διαφέρειν
1855 3656 2179 3730 συμβέβηκε,
2224 3664 2300 3731 τῷ
2335 3659 2435 3713 τὸν
2480 3658 2582 3728 μὲν
2633 3654 2780 3714 εἶναι
2824 3661 3167 3729 σημαντικὸν

551 3744 663 3790 τῶν
701 3733 1027 3804 μελλόντων,
1060 3736 1124 3789 τὸ
1162 3736 1224 3790 δὲ
1259 3746 1373 3792 τῶν
1411 3736 1603 3792 ὄντων.
1632 3770 1703 3777 -
1730 3737 1965 3791 Diversa.
2002 3738 2075 3791 ab
2112 3738 2218 3804 his,
2256 3755 2403 3806 quae
2437 3739 2713 3807 praebent
2748 3737 2882 3792 libri
2918 3738 3165 3794 Carolini
3234 3735 3238 3739 ’

551 3814 630 3867 ΠΙ
657 3822 725 3869 26
763 3817 804 3869 t.
837 3821 904 3868 98
932 3833 986 3884 p.
1011 3815 1202 3869 11720
1253 3816 1470 3885 Migne=
1515 3833 1868 3887 „quanquam
1911 3833 2034 3888 erqo
2080 3824 2131 3872 et
2172 3819 2407 3873 visiones
2450 3825 2501 3873 et
2543 3820 2758 3873 somnia
2801 3821 3019 3874 vniaetim
3054 3821 3168 3874 dici

555 3896 886 3949 consuetudo
943 3895 1250 3963 admiserit,
1308 3897 1451 3951 inter
1493 3898 1731 3951 visiones
1765 3898 1899 3952 'vero
1953 3904 2005 3952 et
2046 3898 2262 3952 somnia
2303 3899 2403 3952 hoe
2447 3899 2664 3967 quidem
2708 3900 2914 3954 di‘stare
2958 3899 3166 3966 dieunt,

553 3973 700 4040 quod
749 3974 965 4028 somnia
1014 3992 1080 4030 ea
1127 3981 1284 4042 sunt,
1332 3991 1470 4043 qnae
1516 3977 1835 4046 plerumque
1873 3978 2155 4044 falluntwr
2193 4020 2471 4033 ......
2520 3979 2756 4036 visiones
2804 3995 2928 4035 vero
2974 3980 3166 4035 dieunt

556 4052 825 4119 quasdam
861 4055 1161 4108 veraciores
1195 4055 1583 4110 revelationes‘
1619 4071 1666 4109 e.
1696 4073 1748 4123 q.
1781 4073 1823 4109 s.

732 4135 789 4199 4)
829 4129 896 4184 cf.
937 4131 1198 4186 Philostr.
1239 4134 1304 4189 V.
1344 4133 1525 4204 Apoll.
1554 4135 1607 4188 H
1634 4140 1730 4190 37:
1778 4132 1851 4190 ἂν
1888 4134 1990 4205 μὲν
2025 4136 2133 4207 γὰρ
2186 4136 2321 4209 ἑῷος
2356 4130 2391 4209 ᾖ
2440 4140 2534 4208 (sc.
2584 4137 2614 4191 ὁ
2660 4136 2875 4209 καιρός)
2922 4141 3020 4195 καὶ
3065 4148 3164 4194 τοῦ

556 4210 687 4277 περὶ
721 4209 822 4264 τὸν
861 4209 1076 4278 ὄρθρον
1111 4210 1312 4281 ὕπνου,
1349 4214 1751 4287 ξυμβάλλονται
1781 4213 2173 4287 (ὀνειροπόλοι)
2209 4217 2388 4286 αὐτὴν
2423 4219 2518 4287 (sc.
2554 4225 2657 4287 τῆν
2695 4217 2853 4289 ὄψιν)
2890 4220 2964 4282 ὡς
2997 4221 3165 4290 ὑγιῶς

561 4287 974 4359 μαντευομένης
1008 4297 1106 4361 τῆς
1148 4302 1348 4363 ψυχῆς.
1390 4294 1459 4348 cf.
1499 4294 1671 4349 etiam
1706 4295 1941 4350 Buechs.
1971 4314 2027 4365 p.
2060 4301 2126 4350 38
2166 4299 2223 4350 et
2261 4297 2388 4350 adn.
2421 4302 2504 4350 96.
2553 4328 2623 4338 -
2671 4297 3041 4353 Observatum
3078 4300 3165 4352 est

555 4367 783 4423 omnino
830 4369 1049 4426 somnia
1084 4372 1368 4427 matutina
1404 4375 1741 4430 creberrima
1777 4392 1924 4432 esse:
1960 4395 2010 4430 v.
2048 4376 2363 4444 Lehnmnm
2401 4377 2762 4447 Aberglaube
2799 4397 2852 4433 u.
2892 4377 3165 4432 Zauberei

552 4466 600 4503 v.
642 4448 752 4502 den
798 4449 1043 4504 'altesten
1091 4451 1284 4505 Zeiten
1322 4469 1395 4505 an
1430 4453 1519 4508 bis
1555 4454 1616 4508 in
1655 4454 1747 4509 die
1784 4454 2146 4526 Gegenwart‚
2193 4457 2463 4511 deutsche
2510 4458 2863 4512 autorisierte
2900 4457 3165 4527 Ausgabe

551 4544 660 4582 von
695 4528 790 4584 Dr.
829 4529 1096 4584 Petersen
1130 4549 1183 4599 p.
1215 4537 1346 4588 396:
1381 4534 1544 4600 „Uns
1578 4540 1787 4590 tranmt
1821 4542 1949 4591 stets
1981 4537 2064 4589 ina
2080 4536 2201 4590 dem
2236 4537 2461 4592 leichten
2494 4537 2725 4606 Sehlafe‚
2762 4539 2859 4592 der
2894 4538 3016 4592 dem
3050 4537 3163 4592 Er-

549 4610 769 4663 waehen
815 4612 1171 4666 unmittelbar
1214 4615 1570 4685 vorausyehff‘
1615 4618 1673 4670 et
1708 4615 1782 4670 ib.
1823 4634 1875 4684 p.
1908 4620 2037 4669 395:
2075 4616 2180 4683 „Je
2234 4617 2447 4672 leiehter
2490 4619 2588 4673 der
2640 4618 2839 4684 Schlaf
2873 4619 2973 4686 ist,
3018 4619 3166 4672 desto

553 4689 805 4760 Ῑιᾶιιβςεν
840 4691 969 4745 sind
1003 4692 1148 4746 auch
1182 4694 1271 4748 die
1312 4693 1602 4750 Triinmef‘
