3611 5264
449 303 535 363 26,
561 303 748 366 1—27,
770 304 835 351 21
1589 297 1962 367 Therapontis
2930 300 3057 363 133

624 461 847 545 ἐπειδὴ
896 464 1130 526 τοίνυν
1175 471 1498 547 χρεῶσται
1543 461 1782 537 πάντες
1819 470 1940 526 τοῦ
1976 461 2330 547 μάρτυρος,
2450 460 2755 549 ἑορτάσαι
2794 460 2868 529 δὲ
2905 465 3056 529 τού-
3077 476 3154 531 26

447 583 567 623 του
612 561 734 642 τὴν
779 562 1045 644 μνήμην
1093 561 1693 646 συνεκροτήθημεν,
1837 561 2152 625 κάλλιστα
2199 559 2376 647 αὐτῷ
2421 559 2531 626 καὶ
2577 562 2657 625 τὰ
2702 562 2970 645 θύματα

445 658 686 722 τούσδε
732 660 891 733 τοὺς
936 660 1179 740 λόγους
1226 657 1631 742 ἐσπείσαμεν.
1741 656 1851 722 καὶ
1898 656 2096 734 αὐτὸς
2140 658 2269 744 γὰρ
2316 652 2512 735 οὗτος
2557 658 2593 724 6
2631 660 2883 745 μάρτυς
2929 663 3059 724 Λό-

446 779 570 837 γον
616 758 893 840 τιμήσας
936 754 1046 820 καὶ
1093 753 1259 842 ὑπὲρ
1307 757 1426 821 τὸν
1470 758 1766 843 παρόντα
1810 759 2014 839 λόγον
2050 760 2410 841 τετίμηται·
2537 758 2626 834 ὡς
2664 756 2893 823 οὐδενὶ
2930 760 3056 843 γὰρ

448 855 627 942 ἄλλῳ
674 862 764 941 τῷ
812 857 989 941 λόγῳ
1035 854 1145 920 καὶ
1196 855 1360 931 Θεὸς
1404 853 1513 919 καὶ
1561 856 1632 920 oc
1670 856 1850 936 ἅγιοι
1896 853 2105 920 αὐτοῦ
2151 856 2661 940 θεραπεύονται,
2799 856 2899 921 ὅτι
2946 854 3101 921 scales

450 954 647 1034 λόγος
704 950 887 1017 ἐστὶν
941 953 977 1018 6
1039 955 1230 1037 Θεός,
1294 953 1421 1018 κᾶν
1474 955 1834 1037 μεμηνότες
1887 948 2064 1029 ’τινὲς
2128 954 2201 1018 τὸ
2255 965 2523 1039 πρῶτον
2583 956 2804 1039 δῶρον
2864 959 3060 1038 Θεοῦ,

445 1052 603 1126 τοὺς
649 1052 891 1134 λόγους
935 1051 1162 1135 αὐτοῦ,
1207 1055 1386 1134 μίσει
1430 1055 1654 1138 πολλῷ
1700 1053 2155 1136 μεμισήκασιν.
2272 1049 2459 1135 ἡμεῖς
2505 1050 2599 1136 δέ,
2645 1054 2773 1116 κᾶν
2808 1076 2871 1116 τι
2919 1050 3059 1116 δέοι

446 1155 694 1212 παθεῖν
737 1144 905 1235 ὑπὲρ
953 1157 1074 1213 τοῦ
1123 1151 1373 1232 Λόγου,
1420 1150 1595 1236 λόγῳ
1650 1150 2209 1233 πανηγυρίσωμεν
2317 1147 2426 1214 καὶ
2473 1151 2852 1234 δημοτελεῖς
2896 1172 3060 1214 παν-

448 1246 709 1321 δαισίας
756 1244 829 1311 ἐν
874 1249 1099 1331 λόγοις
1145 1247 1561 1330 στησώμεθα,
1710 1248 1885 1333 λόγῳ
1912 1241 2054 1330 ’μὲν
2099 1247 2214 1323 τὰς
2258 1248 2476 1331 ψυχὰς
2521 1246 3059 1332 ἀποδιοπομπού-

448 1368 661 1429 μενοι,
795 1345 878 1409 τά
924 1342 999 1410 δὲ
1036 1346 1306 1429 σώματα
1350 1354 1440 1432 τῷ
1488 1344 1713 1431 νάρδῳ
1760 1353 1876 1428 τῆς
1913 1344 2194 1420 εὐωδίας
2229 1354 2349 1409 τοῦ
2387 1344 2585 1427 ἁγίου
2619 1348 3060 1430 προσαλειφό-
3081 1371 3133 1411 ιο

445 1466 651 1527 μενοι.
833 1437 1028 1519 οὗτος
1072 1443 1200 1529 γάρ
1246 1439 1415 1529 ὑπὲρ
1462 1443 1585 1526 τὴν
1629 1441 1801 1526 ὕλην
1845 1441 2048 1507 πάλαι
2095 1445 2449 1527 γενόμενος
2587 1441 2698 1507 καὶ
2743 1444 2866 1526 τὴν
2912 1442 3058 1509 ἑαυ-

449 1549 571 1604 τοῦ
617 1542 931 1624 τελευτὴν
977 1546 1358 1605 τελευταῖον
1393 1543 1673 1623 ποιήσας
1709 1542 2078 1626 μυστήριον
2195 1552 2526 1625 μυστικῶς
2562 1549 2772 1606 τανῦν
2810 1540 3058 1624 ἁγιάζει

447 1639 605 1714 τοὺς
649 1640 1071 1724 προσιόντας,
1119 1638 1495 1717 εὐωδιάζων
1540 1639 1700 1723 ἡμῖν
1744 1640 1825 1703 τά
1870 1645 2029 1703 θεῖα
2073 1642 2442 1725 χαρίσματα
2577 1637 2689 1704 καὶ
2732 1647 2824 1727 τῷ
2870 1640 3057 1728 μύρῳ

446 1734 748 1823 καθάπερ
810 1737 881 1801 οί
931 1735 1219 1821 θηραταὶ
1273 1746 1394 1802 τοῦ
1453 1736 1801 1823 μαργάρου
1858 1736 1977 1801 τὸν
2032 1738 2331 1821 ἔμψυχον
2383 1736 2696 1822 θάλαμον
2847 1736 3060 1802 ἕλκων

445 1834 615 1918 ἡμᾶς
658 1836 825 1919 πρὸς
869 1836 993 1918 τὴν
1038 1836 1175 1900 ἄνω
1220 1836 1638 1900 κατάστασιν.
3077 1859 3130 1900 15

626 1944 817 2007 δεῦτε
862 1944 1098 2007 τοίνυν
1145 1939 1394 2019 ἐνθέως
1446 1943 2025 2029 πανηγυρίσωμεν,
2157 1944 2616 2028 πρωτοθοίνια
2669 1939 2781 2007 καὶ
2825 1963 3057 2029 προτε-
3078 1956 3149 2011 27

449 2043 638 2116 λετὰς
683 2043 839 2116 τοὺς
884 2042 1126 2123 λόγους
1169 2042 1585 2124 ποιούμενοι·
1712 2048 1843 2105 νῦν
1887 2041 2003 2116 τὰς
2047 2040 2263 2123 ψυχὰς
2309 2040 2805 2124 ἀφαγνίσωμεν,
2931 2050 3061 2106 νῦν

448 2138 921 2224 ἐκκαθάρωμεν
1024 2138 1244 2224 ῥύπου
1277 2139 1358 2204 τὰ
1387 2139 1674 2223 σώματα,
1783 2139 1960 2215 ὅπως
1999 2137 2195 2217 ἀξίως
2230 2138 2352 2221 τὴν
2389 2137 2748 2222 ἀγγελικὴν
2792 2142 3061 2223 χορείαν

447 2234 948 2321 ὑποδεξώμεθα,
1134 2235 1286 2321 μεθ’
1354 2232 1431 2321 ἧς
1491 2235 1526 2302 6
1587 2237 1841 2322 μάρτυς
1905 2230 2101 2312 οὗτος
2161 2234 2196 2301 6
2256 2234 2457 2320 μέγας
2523 2237 2646 2319 τὴν
2714 2238 3062 2322 τριαδικὴν

450 2333 765 2418 ἁγιότητα
900 2334 973 2400 ἐν
1018 2342 1139 2422 μιᾷ
1183 2333 1529 2417 δοξολογεῖ
1569 2336 1930 2420 κυριότητι.
2073 2337 2403 2419 χαίρωμεν
2451 2334 2646 2423 ἱερεῖς
2692 2351 3105 2418 &vvurtum-5

454 2432 617 2513 στὴν
664 2431 1012 2517 εὑρηκότες
1059 2430 1326 2497 τουτονὶ
1374 2433 1492 2496 τὸν
1539 2430 1947 2516 θαυμάσιον,
2082 2433 2403 2518 νεωκόροι
2449 2434 2567 2497 τὸν
2610 2439 2807 2498 θεῖον
2851 2434 3062 2509 ὅντως

451 2531 848 2613 κοσμήτορα,
894 2574 898 2578 -
951 2532 1245 2612 βασιλεῖς
1271 2530 1391 2594 τὸν
1419 2538 1534 2613 τῆς
1571 2531 1709 2595 ἄνω
1740 2532 2075 2613 βασιλείας
2110 2532 2548 2616 κρατήσαντα·
2654 2530 3062 2613 ἀγαλλιᾶσθε

449 2624 559 2691 καὶ
606 2624 954 2692 παιδευταὶ
1004 2628 1117 2693 διὰ
1161 2628 1281 2693 τὸν
1327 2627 1751 2713 διδάσκαλον,
1869 2626 2163 2713 μαθηταὶ
2211 2629 2323 2694 διά
2369 2628 2487 2694 τὸν
2532 2634 2746 2707 καλῶς
2793 2635 3059 2717 Χριστῷ

447 2726 979 2809 μαθητεύσαντα.
1121 2727 1513 2810 μονάζοντες
1557 2727 1631 2790 τὸ
1681 2726 2022 2792 ἐπίλεκτον
2067 2728 2427 2814 ἄθροισμα,
2577 2731 2902 2814 ναζιραῖοι
2948 2726 3059 2793 καὶ

453 2824 736 2908 ζάκοροι,
827 2825 946 2888 τὸν
982 2825 1404 2908 συνασκητὴν
1438 2824 1629 2909 ὑμῶν
1664 2826 1751 2907 μὴ
1797 2825 2169 2908 αίσχύνητε.
2272 2823 2461 2889 ἰδέτω
2509 2823 2618 2889 καὶ
2640 2827 3057 2912 ’στρατιώτης
3078 2851 3132 2889 ιο

448 2922 566 2986 τὸν
626 2920 894 3008 ἀριστέα
952 2927 1245 3006 Χριστοῦ
1299 2919 1409 2987 καὶ
1461 2923 1949 3007 προθυμείσθω
2003 2923 2318 3008 πράττειν
2380 2922 2461 2986 τά
2520 2921 2758 2989 δέοντα
2947 2922 3059 2989 καὶ

448 3020 715 3103 ἰδιώτης
782 3021 870 3104 μὴ
945 3018 1284 3085 ἐκλυέσθω
1358 3019 1478 3084 τὸν
1548 3020 1887 3085 ἄπλαστον
1957 3021 2082 3103 τὴν
2159 3023 2398 3085 κακίαν
2473 3032 2741 3087 σκοπῶν
2810 3022 3061 3099 ἐνθέως

447 3120 877 3204 φρονήσαντα
1023 3116 1134 3183 καὶ
1179 3119 1300 3183 τὸν
1344 3120 1509 3203 ὅφιν
1553 3119 1932 3201 νικήσαντα.
2080 3130 2259 3183 πᾶσα
2305 3118 2346 3202 ἡ
2393 3122 2638 3204 ποίμνη
2686 3129 2806 3186 τοῦ
2852 3126 3060 3186 καλοῦ

448 3213 761 3299 ποιμένος
804 3218 891 3300 μὴ
940 3216 1465 3302 ἀποδράμοι[τε],
1510 3219 1763 3301 πτωχοί
1803 3216 1957 3301 <τε>
2002 3214 2111 3281 καὶ
2165 3214 2467 3302 πένητες,
2568 3218 2904 3306 παρθένοι
2949 3217 3060 3284 καὶ

452 3314 817 3397 σώφρονες,
908 3314 979 3377 οἰ
1002 3312 1076 3378 ἐν
1103 3317 1275 3400 γήρᾳ
1312 3314 1478 3400 ὁμοῦ
1516 3313 1627 3380 καὶ
1663 3316 1944 3399 νεότητι,
2027 3315 2292 3381 ὀθνεῖοί
2325 3339 2395 3380 τε
2430 3314 2542 3380 καὶ
2581 3317 3007 3405 αὐτόχθονες,
3081 3337 3132 3379 15

446 3409 688 3488 πάντες
733 3412 866 3495 ἅμα
903 3412 1021 3476 τὸν
1049 3420 1171 3477 τοῦ
1208 3415 1501 3498 Χριστοῦ
1537 3413 1962 3499 θεραπευτὴν
2000 3413 2506 3497 εὐφημήσωμεν,
2586 3424 2811 3500 χεῖρας
2846 3424 3061 3499 ψυχῆς

449 3508 735 3584 εὐτόνως
782 3507 1332 3594 ἀνακροτήσωμεν
1480 3508 1592 3574 καὶ
1642 3515 1786 3598 Θεῷ
1835 3509 2083 3575 ἐνθάδε
2129 3507 2700 3596 συναλαλάξωμεν.
2865 3507 3060 3589 οὗτος

449 3607 575 3691 γὰρ
624 3602 804 3683 οἶκος
855 3611 1028 3672 Θεοῦ
1082 3605 1391 3692 θεμέλιος
1439 3609 1770 3692 οᾶσειστος,
1933 3610 2133 3685 τόπος
2192 3598 2498 3693 ἀνέσεως,
2658 3611 2834 3694 πηγὴ
2899 3610 3058 3675 ἀνα-

444 3703 720 3789 ψύξεως,
856 3705 1041 3792 ῧδωρ
1090 3705 1556 3790 ἀγαλλιάσεως,
1675 3689 2107 3783 ἀνοῖπαύσεως
2141 3708 2658 3791 κατασκήνωσις,
2770 3709 3061 3794 ἰατρεῖον

446 3803 739 3889 αἰώνιον,
905 3814 1141 3887 ψυχῶν
1183 3802 1755 3891 <ἀνα>κάθαρσις,
1946 3805 2268 3890 σωμάτων
2312 3806 2408 3881 εἰς
2452 3805 2527 3869 τὸ
2575 3804 2853 3891 ἀρχαῖον
2897 3806 3057 3871 ἀπο·
3076 3827 3131 3875 ,80

444 3899 854 3977 κατάστασις.

624 4125 710 4189 26,
742 4124 769 4173 1
811 4118 874 4175 δὲ
912 4137 1018 4174 om.
1046 4120 1107 4174 M
1146 4123 1155 4191 Ι
1205 4128 1237 4175 2
1275 4121 1545 4191 θαύματα
1582 4123 1631 4175 Α
1679 4124 1688 4192 Ι
1737 4129 1769 4176 3
1812 4119 2079 4192 ἐπείσαμεν
2114 4123 2173 4175 Μ
2223 4125 2232 4192 Ι
2281 4128 2316 4176 4
2353 4122 2450 4177 καὶ
2487 4140 2592 4176 om.
2624 4123 2682 4176 M
2732 4126 2741 4194 Ι
2791 4129 2822 4177 6
2863 4124 2932 4179 cf.
2973 4142 3053 4180 ον.

445 4199 562 4255 Ioh.
595 4205 690 4267 1‚1
727 4202 736 4271 Ι
780 4204 810 4253 7
848 4200 1054 4263 ἀυτους
1089 4202 1147 4255 Μ
1180 4201 1189 4273 Ι
1221 4206 1253 4255 8
1291 4198 1470 4272 λόγων
1506 4202 1565 4256 Μ
1597 4204 1605 4272 Ι
1644 4204 1742 4257 καὶ
1763 4235 1830 4243 --
1851 4209 1883 4257 9
1922 4202 2250 4271 στησώμεθα
2286 4202 2495 4257 ᾶθεηῐιὴ
2529 4201 2590 4256 in
2628 4202 2677 4256 A
2718 4206 2726 4273 Ι
2771 4210 2838 4258 14
2875 4204 3060 4259 καθά-

445 4299 547 4348 περ
571 4313 637 4321 -
656 4278 918 4349 θάλαμον
957 4281 1159 4336 desunt
1194 4281 1255 4336 in
1283 4282 1333 4335 A
1359 4284 1378 4352 ΙΙ
1408 4287 1492 4349 27,
1525 4288 1551 4335 1
1593 4282 1838 4346 ἅπαντες
1874 4285 2004 4352 Ροεὴ
2038 4280 2232 4338 τοίνυν
2261 4281 2390 4336 add.
2419 4282 2478 4336 M
2510 4286 2518 4351 Ι
2551 4281 2763 4346 εὐθέως
2798 4284 2848 4337 Α
2881 4286 2888 4352 Ι
2922 4283 3056 4355 ἀγα-

443 4358 612 4428 πὴτοί
629 4362 759 4430 posia
777 4379 980 4431 πανηγ.
1013 4361 1216 4415 add.M
1242 4362 1249 4434 Ι
1272 4368 1303 4415 2
1333 4361 1744 4433 ποὶῆσαντεςΜ
1772 4363 1778 4435 Ι
1813 4360 2177 4432 ἀφανίσωμεν
2204 4362 2262 4415 Μ
2296 4365 2304 4431 Ι
2338 4368 2369 4416 3
2398 4364 2495 4417 καὶ
2516 4366 2649 4418 ante
2675 4363 2778 4432 τὴν
2807 4363 2936 4418 add.
2968 4363 3054 4437 ΜΙ

445 4447 476 4495 6
513 4449 714 4496 τοῦτον
741 4442 792 4494 Α
823 4442 832 4512 Ι
865 4438 1038 4503 ὅντως
1073 4444 1240 4496 θεῖον
1276 4443 1336 4495 Μ
1381 4442 1389 4514 Ι
1440 4448 1472 4496 8
1502 4445 1687 4497 καλῶν
1719 4442 1779 4496 Μ
1821 4446 1829 4512 Ι
1862 4450 1893 4497 9
1931 4443 2032 4497 τὸν
2077 4443 2136 4495 Μ
2176 4444 2184 4512 Ι
2220 4444 2539 4512 Ναζαραῖοι
2584 4443 2634 4496 A
2684 4445 2692 4513 Ι
2745 4448 2811 4497 10
2857 4442 3058 4508 &goinu-

446 4539 534 4587 ροι
571 4521 621 4574 A
672 4520 681 4593 Ι
735 4526 798 4575 11
846 4518 1286 4590 προσθυμείσθω
1323 4521 1373 4575 Α
1423 4524 1431 4591 Ι
1483 4522 1753 4590 πράσσειν
1797 4522 1857 4576 Μ
1903 4525 1912 4593 Ι
1947 4527 2012 4576 12
2049 4522 2112 4576 τὸ
2141 4521 2191 4574 A
2224 4522 2232 4590 Ι
2267 4528 2333 4576 15
2373 4520 2513 4579 νεότ.
2545 4522 2631 4590 ὁμ.
2662 4543 2711 4576 κ.
2741 4521 2884 4597 γήρᾳ
2912 4523 3054 4595 ΑΜΙ

451 4598 683 4670 αὐτόχθ.
712 4620 771 4655 τε
799 4621 847 4656 κ.
880 4600 1009 4656 ὀθν.
1038 4603 1089 4655 A
1121 4603 1130 4673 Ι
1166 4606 1231 4655 16
1268 4601 1368 4658 τὸν
1405 4621 1510 4660 om.
1540 4602 1591 4656 A
1632 4604 1641 4674 Ι
1681 4602 1909 4674 χεῖραΑ
1958 4602 1968 4677 Ι
2020 4607 2085 4656 17
2124 4602 2503 4672 συνάλέξωμεν
2538 4601 2598 4655 M
2638 4603 2647 4673 Ι
2689 4607 2756 4656 20
2805 4603 3058 4674 supplevi

446 4695 477 4733 e
516 4685 600 4750 19,
630 4686 695 4735 12
