3611 5264
548 319 638 382 44
1706 320 1889 388 eaput
1919 319 1984 373 11.

554 482 938 547 Hemitheae
986 482 1247 547 Castabi
1295 482 1620 547 libabatur
1665 487 2064 569 μελίκρατον
2076 480 2145 569 1).

688 622 773 676 De
811 621 1114 695 μελικράτῳ
1150 622 1211 675 111
1249 622 1403 676 cultu
1438 622 1680 676 inferum
1715 642 1765 676 v.
1807 623 2037 691 Stengel
2076 622 2167 677 Gr.
2206 622 2541 677 Kultusalt.¹
2576 641 2629 691 p.
2664 628 2783 690 111,
2820 624 2880 676 111
2916 626 3161 677 mortuo-

690 721 814 756 rum
865 702 1019 757 cultu
1077 703 1153 757 ib.
1200 721 1255 771 p.
1299 707 1415 757 132.
1482 703 1550 757 cf.
1605 703 1675 757 de
1725 700 2024 772 νηφαλίοις
2073 722 2126 772 p.
2175 708 2255 758 17.
2309 702 2559 772 ἄλφιτα
2612 720 2737 755 cum
2787 702 3162 776 μελικράτῳ

691 783 1045 851 praebebant
1072 783 1328 837 draconti
1365 800 1522 837 sacro
1551 783 1837 836 Melitensi
1875 783 2416 851 (ἀναδεύσαντες“
2452 781 2775 855 μελικράτῳ)
2813 783 2933 837 Ael.
2971 783 3026 836 h.
3071 800 3159 838 an.

692 862 769 915 XI
808 868 891 916 17.
959 861 1026 916 cf.
1066 862 1220 915 XVII
1258 868 1307 917 5.
1347 862 1415 918 cf.
1455 863 1634 918 Wess,
1673 863 1765 918 Gr.
1807 863 1908 917 ZP.
1939 869 2026 930 96,
2064 869 2205 917 3003
2226 881 2332 931 sq.:
2391 862 2530 918 ἑπτὰ
2558 862 2661 933 μὲν
2687 872 2869 932 πυροῦ
2906 862 3161 931 κόκκους,

691 944 823 1007 τοὺς
859 941 921 996 δὲ
959 941 1114 1006 ἴσους
1149 946 1399 1013 κριθῆς
1435 942 1649 1013 μέλιτι
1687 943 2058 1007 δεύσαντες
2094 941 2360 1015 ἐνέβαλον
2396 946 2507 998 κτλ.

727 1194 947 1259 Liceat
994 1195 1063 1259 in
1106 1196 1233 1259 fine
1282 1195 1475 1259 huius
1533 1196 1764 1280 capitis
1822 1196 1899 1261 de
1955 1195 2488 1280 inscriptionibus
2542 1196 2938 1282 Maffeianis‚
3001 1219 3159 1281 quas

550 1296 811 1378 vocant,
858 1292 1168 1356 nonnulla
1213 1294 1526 1377 proferre,
1574 1295 1745 1378 quod
1793 1317 1921 1378 qua
1977 1295 2054 1358 de
2110 1316 2299 1359 causa
2354 1295 2469 1358 fiat
2523 1317 2678 1359 mox
2732 1295 3159 1380 intellegetur.

548 1390 1011 1474 Inscriptiones
1040 1390 1190 1455 illae
1220 1414 1489 1456 numero
1528 1395 1836 1475 quattuor
1873 1414 2000 1456 una
2037 1393 2104 1456 in
2142 1392 2362 1457 tabula
2400 1393 2776 1458 coniunctae
2814 1394 2881 1456 in
2911 1392 3162 1457 Tiberis

547 1489 759 1552 insula
805 1490 1103 1553 inventae
1150 1493 1318 1574 sunt,
1364 1490 1477 1553 ubi
1523 1490 1680 1553 olim
1725 1488 2099 1573 Aesculapii
2154 1490 2449 1555 exstabat
2495 1513 2766 1556 sacrum.
2815 1490 3162 1555 Continent

552 1591 861 1670 quattuor
907 1587 1270 1652 sanationes
1317 1589 1388 1652 in
1443 1588 1556 1652 illo
1611 1586 1954 1672 Asclepieo
2010 1588 2213 1652 factas
2223 1641 2241 1674 ‚
2297 1612 2455 1673 quas
2509 1612 2680 1653 nunc
2734 1588 2927 1672 paulo
2983 1610 3162 1652 accu-

556 1686 759 1749 ratius
808 1684 1239 1768 dispiciemus,
1329 1683 1639 1750 Idoneum
1687 1686 1986 1750 existimo
2034 1687 2320 1773 integras
2367 1709 2473 1752 eas
2521 1686 2879 1751 describere
2892 1684 2962 1773 2).

730 1782 780 1847 Ι.
828 1783 1080 1859 Αὐταῖς
1125 1793 1268 1859 ταῖς
1321 1782 1594 1870 ἡμέραις
1651 1787 1829 1873 Γαΐῳ
1890 1783 2025 1849 τινὶ
2081 1791 2312 1873 τυφλῷ
2369 1785 2802 1870 ἐχρημάτισεν
2857 1783 2923 1870 (ὁ
2967 1781 3158 1870 θεὸς)

554 1880 782 1945 ἐλθεῖν
829 1878 965 1964 ἐπ[ὶ
1011 1880 1117 1964 τὸ]
1168 1882 1349 1966 ἱερὸν
1404 1885 1580 1966 βῆμα
1624 1880 1733 1945 καὶ
1788 1892 2274 1968 προσκυνῆσαι,
2321 1879 2521 1967 εἷ[τ]α
2575 1882 2703 1947 ἀπὸ
2759 1891 2879 1948 τοῦ
2935 1880 3159 1959 δεξιοῦ

552 1978 781 2043 ἐλθεῖν
827 1976 933 2042 ἐπὶ
979 1980 1053 2043 τὸ
1101 1977 1454 2065 ἀριστερὸν
1498 1978 1608 2044 καὶ
1663 1987 1889 2045 θεῖναι
1945 1984 2101 2057 τοὺς
2146 1980 2340 2047 πέντε
2377 1982 2746 2057 δακτύλους
2782 1980 3000 2045 ἐπάνω
3037 1988 3159 2044 τοῦ

552 2079 841 2159 βήματος
904 2073 1015 2139 καὶ
1071 2070 1227 2160 ἆραι
1282 2077 1405 2159 τὴν
1460 2087 1647 2161 χεῖρα
1700 2076 1809 2142 καὶ
1872 2077 2209 2144 ἐπιθεῖναι
2256 2077 2362 2144 ἐπὶ
2418 2081 2574 2155 τοὺς
2631 2080 2846 2155 ἰδίους
2901 2077 3160 2162 ὀφθαλ-

548 2174 746 2256 μούς,
790 2172 901 2238 καὶ
947 2173 1163 2256 ὀρθὸν
1208 2171 1529 2255 ἀνέβλεψε
1583 2184 1703 2240 τοῦ
1742 2177 1959 2261 δήμου
2004 2188 2419 2262 παρεστῶτος
2462 2174 2572 2241 καὶ
2610 2173 3159 2260 συγχαιρομένου,

551 2271 652 2336 ὅτι
702 2274 898 2349 ζῶσαι
945 2269 1172 2357 ἀρεταὶ
1220 2269 1529 2354 ἐγένοντο
1578 2271 1683 2337 ἐπὶ
1727 2283 1851 2338 τοῦ
1898 2277 2245 2358 Σεβαστοῦ
2291 2273 2479 2358 ἡμῶν
2515 2271 2972 2339 Ἀντωνείνου.

722 2367 805 2432 Π.
855 2372 1123 2455 Λουκίῳ
1170 2374 1604 2458 πλευρειτικῷ
1649 2370 1759 2435 καὶ
1796 2370 2271 2460 ἀφηλπισμένῳ
2325 2371 2455 2437 ὑπὸ
2501 2372 2748 2448 παντὸς
2794 2371 3160 2456 ἀνθρώπου

551 2465 1026 2551 ἐχρησμάτισεν
1084 2467 1119 2532 ὁ
1175 2468 1336 2544 θεὸς
1382 2467 1611 2533 ἐλθεῖν
1655 2467 1766 2534 καὶ
1825 2469 1896 2533 ἐκ
1951 2479 2071 2534 τοῦ
2125 2470 2464 2552 τριβώμου
2522 2462 2678 2554 ἆραι
2732 2466 2987 2553 τέφραν
3048 2467 3158 2533 καὶ

551 2562 687 2649 μετ’
753 2570 945 2630 οἴνου
1000 2562 1428 2652 ἀναφυρᾶσαι
1489 2564 1598 2630 καὶ
1675 2566 2010 2631 ἐπιθεῖναι
2076 2565 2182 2631 ἐπὶ
2257 2566 2331 2630 τὸ
2391 2567 2714 2651 πλευρόν,
2768 2564 2879 2630 καὶ
2937 2565 3158 2650 ἐσώθη

546 2661 656 2727 καὶ
705 2665 991 2751 δημοσίᾳ
1034 2664 1518 2751 ηὐχαρίστησεν
1564 2673 1656 2752 τῷ
1701 2673 1843 2752 θεῷ
1890 2664 1999 2730 καὶ
2047 2665 2082 2731 ὁ
2130 2667 2337 2749 δῆμος
2386 2665 2717 2751 συνεχάρη
2766 2665 2962 2752 αὐτῷ.

722 2759 833 2824 ΠΙ.
882 2754 1063 2846 Αἷμα
1109 2759 1516 2848 ἀναφέροντι
1552 2761 1897 2851 Ἰουλιανῷ
1936 2761 2414 2849 ἀφηλπισμένῳ
2452 2761 2583 2827 ὑπὸ
2611 2761 2859 2839 παντὸς
2896 2761 3161 2848 ἀνθρώ-

541 2879 674 2923 που
722 2857 1196 2945 ἐχρησμάτισεν
1244 2859 1279 2925 ὁ
1325 2861 1487 2937 θεὸς
1534 2860 1762 2926 ἐλθεῖν
1808 2859 1918 2925 καὶ
1966 2862 2037 2926 ἐκ
2094 2870 2214 2926 τοῦ
2272 2861 2613 2947 τριβώμου
2669 2854 2824 2944 ἆραι
2878 2862 3158 2935 κόκκους

545 2960 903 3039 στροβίλου
949 2955 1059 3021 καὶ
1107 2968 1351 3041 φαγεῖν
1394 2960 1557 3042 μετὰ
1600 2956 1863 3043 με’λιτος
1908 2958 2015 3023 ἐπὶ
2061 2970 2237 3045 τρεῖς
2283 2956 2548 3044 ἡμέρας,
2602 2955 2713 3022 καὶ
2769 2954 2992 3040 ἐσώθη
3050 2955 3160 3021 καὶ

548 3053 772 3118 ἐλθὼν
817 3055 1104 3141 δημοσίᾳ
1148 3054 1631 3141 ηὐχαρίστησεν
1677 3059 2057 3141 ἔμπροσθεν
2101 3065 2223 3120 τοῦ
2270 3057 2504 3138 δήμου.

726 3148 839 3215 IV.
889 3151 1233 3239 Οὐαλερίῳ
1252 3149 1479 3241 ’Ἁπρῳ
1517 3156 1885 3240 στρατιώτῃ
1921 3159 2154 3241 τυφλῷ
2192 3152 2621 3237 ἐχρημάτισεν
2658 3151 2693 3216 ὁ
2729 3150 2893 3227 θεὸς
2929 3149 3160 3216 ἐλθεῖν

544 3247 653 3313 καὶ
700 3252 930 3331 λαβεῖν
975 3241 1136 3334 αἷμα
1173 3248 1238 3327 ἐξ
1289 3249 1744 3336 ἀλεκτρυῶνος
1781 3257 2021 3317 λευκοῦ
2058 3251 2217 3334 μετὰ
2262 3248 2524 3334 μέλιτος
2580 3247 2691 3313 καὶ
2737 3248 3153 3333 κολλύριο[ν]

546 3356 904 3429 συντρῖψαι
948 3346 1057 3411 καὶ
1114 3345 1221 3412 ἐπὶ
1276 3358 1452 3433 τρεῖς
1496 3348 1740 3435 ἡμέρας
1787 3349 2154 3436 ἐπιχρεῖσαι
2209 3345 2316 3412 ἐπὶ
2365 3350 2522 3424 τοὺς
2567 3347 2998 3432 ὀφθαλμούς,
3044 3344 3156 3411 καὶ

552 3441 917 3526 ἀνέβλεψεν
961 3443 1072 3509 καὶ
1119 3444 1449 3529 ἐλήλυθεν
1493 3445 1602 3511 καὶ
1648 3446 2131 3531 ηὐχαρίστησεν
2177 3446 2464 3532 δημοσίᾳ
2509 3453 2602 3534 τῷ
2647 3452 2804 3532 θεῷ.

726 3541 1088 3625 Dispositio
1116 3542 1347 3608 harum
1375 3544 1872 3629 inscriptionum
1902 3547 2208 3628 quattuor
2244 3566 2373 3607 una
2411 3546 2509 3606 est
2539 3542 2899 3626 eademque.
2961 3541 3158 3606 Initio

546 3640 918 3704 nominatur
963 3645 1267 3726 aegrotus
1313 3642 1705 3727 morbusque
1752 3642 2089 3726 indicatur,
2137 3663 2264 3724 quo
2311 3640 2561 3704 laboret
2573 3638 2624 3727 ³)
2674 3638 2745 3727 (2
2792 3640 2960 3704 caeci
3008 3639 3157 3725 [sub

544 3734 576 3799 I
613 3735 737 3820 IV]
799 3738 831 3801 1
891 3738 1271 3822 pleuriticus
1329 3740 1478 3823 [sub
1526 3739 1616 3824 Π]
1687 3741 1720 3804 1
1780 3739 2160 3824 sanguinem
2217 3760 2557 3822 erumpens
2614 3738 2761 3823 [sub
2808 3735 3003 3824 HI])‚
3065 3759 3155 3801 se-

548 3834 770 3916 quitur
815 3836 1169 3900 remedium
1217 3860 1255 3900 a
1311 3836 1428 3902 deo
1484 3860 1599 3920 per
1653 3859 1949 3901 somnum
2007 3835 2252 3900 scilicet
2308 3832 2827 3921 significatum4)‚
2884 3834 3156 3919 denique

548 3932 824 3996 refertur
870 3933 946 3997 de
994 3935 1326 4000 sanatione
1374 3934 1726 4020 gratiisque
1774 3935 1893 3998 deo
1939 3935 2117 3999 actis

729 4029 797 4094 Si
853 4033 1134 4097 remedia
1201 4031 1313 4098 illa
1377 4032 1658 4097 indicata
1731 4034 2093 4097 accuratius
2156 4032 2507 4117 perspicies
2515 4082 2533 4116 ,
2590 4030 2810 4094 statim
2875 4030 3158 4093 animad-

728 4225 778 4292 1)
816 4223 1039 4278 Diodor.
1090 4225 1137 4277 V
1174 4231 1260 4293 62,
1289 4231 1346 4281 5:
1409 4224 1510 4289 τὰς
1554 4223 1656 4294 μὲν
1701 4223 1951 4287 σπονδὰς
1994 4223 2298 4297 μελικράτῳ
2344 4231 2582 4279 ποιοῦσι.
2657 4222 2741 4276 De
2777 4238 2948 4277 causa
2990 4222 3156 4275 huius

546 4302 687 4355 ritus
726 4321 771 4357 v,
812 4321 865 4372 p.
897 4308 983 4371 40,
1013 4310 1060 4358 3.

728 4384 781 4452 2)
817 4383 901 4435 De
937 4383 1197 4438 Kaibelio
1234 4384 1489 4454 Inscript.
1528 4384 1619 4439 Gr.
1662 4384 1888 4439 Siciliae
1926 4386 1984 4438 et
2019 4383 2221 4438 Italiae
2256 4402 2338 4438 nr.
2370 4389 2489 4437 966.

728 4467 782 4531 3)
821 4463 934 4516 Sub
972 4463 1023 4515 H
1061 4466 1119 4517 et
1154 4463 1231 4516 III
1269 4465 1486 4534 aegroti
1524 4464 1808 4535 desperati
1845 4467 2007 4518 erant
2044 4465 2116 4518 ab
2154 4463 2411 4518 omnibus
2446 4463 2784 4518 hominibus

726 4547 780 4612 4)
816 4542 1097 4597 Differunt
1123 4543 1231 4596 hac
1259 4542 1320 4596 in
1346 4560 1406 4598 re
1433 4543 1827 4615 inscriptiones
1854 4542 2190 4598 Maffeianae
2219 4544 2290 4598 ab
2319 4542 2780 4613 inscriptionibus
2802 4541 3155 4612 Epidauriis;

548 4622 641 4675 hic
677 4623 828 4676 enim
862 4639 976 4677 non
1012 4622 1261 4677 remedia
1298 4627 1801 4678 commemorantur
1836 4639 1937 4694 per
1974 4639 2229 4677 somnum
2272 4623 2443 4692 iussa,
2491 4623 2589 4678 sed
2638 4623 2773 4677 deus
2819 4621 2941 4692 ipse
2985 4625 3156 4677 noctu

551 4701 871 4773 aegrotanti
907 4702 1177 4757 medetur.
