3611 5264
1224 348 1308 401 De
1345 345 1652 400 incubandi
1688 345 1892 400 ritibus
1931 343 2326 414 symbolisque.
2990 341 3072 404 27

601 508 882 562 refutatur
909 508 1087 562 altero
1114 508 1239 561 loco
1258 505 1537 576 Wesselyi
1564 506 1866 560 lectionem
1893 504 2196 574 probante:
2224 504 2403 557 Wess.
2427 503 2518 557 Gr.
2544 502 2646 556 ΖΡ.
2672 506 2791 568 101,
2813 506 2952 554 3193
2974 518 3083 568 sq..
3071 523 3083 536 ·

605 587 675 642 τὰ
724 587 870 642 αὐτοὶ
915 586 1129 659 ἐπέλεγε
1175 588 1316 657 πρὸς
1359 586 1460 642 τὸν
1504 586 1708 657 λύχνον
1755 583 2007 652 ἑπτάκις,
2060 583 2195 651 ἥτω
2242 581 2315 637 δὲ
2362 582 2392 637 ὁ
2439 582 2682 653 λύχνος
2725 589 2793 651 τῇ
2839 580 3085 650 ἀνατολῇ

604 665 821 740 βλέπων
849 671 960 722 κτλ.
965 669 1010 739 ])
1047 666 1110 721 δὲ
1146 667 1209 722 τὸ
1248 666 1534 738 ἐλλύχνιον
1571 665 1685 720 ἀπὸ
1722 662 1882 720 λίνου
1914 671 2144 732 καινοῦ,
2184 663 2447 716 attendas
2472 660 2568 714 hic
2596 677 2819 730 quoque
2845 659 3085 713 linteum

603 746 878 815 adhiberi,
907 747 1058 816 quod
1086 747 1309 816 saepius
1339 745 1581 801 occurrit
1609 744 1805 799 addito
1839 743 2112 798 eiusmodi
2141 742 2419 796 adjectivo
2449 741 2603 795 velut
2638 739 2856 808 καινόν,
2894 743 3082 793 καθα-

602 826 704 896 ρόν
759 827 849 898 (cf.
907 846 959 897 p.
1002 829 1106 896 25).
1157 827 1255 881 διὰ
1308 835 1408 896 τῆς
1464 824 1746 880 αὐτόπτου
1800 821 2207 894 λυχνομαντίας
2260 823 2440 876 Wess.
2481 820 2573 877 Gr.
2613 821 2715 876 ZP.
2745 828 2839 888 44,
2869 826 2970 874 951
3003 837 3081 888 sq.

607 908 688 961 De
725 907 931 977 lychno
970 907 1038 960 cf.
1077 907 1284 960 Abrax,
1319 912 1439 973 170,
1469 913 1518 960 2.
1551 911 1615 959 11
1655 904 1780 974 (δύο
1819 904 2049 975 λύχνοι).
2088 903 2163 958 ib.
2198 909 2318 970 192,
2348 909 2381 956 4
2420 901 2733 973 (καθαρός).
2782 900 2858 955 ib.
2890 906 3012 966 204,
3032 906 3083 954 5.

603 988 848 1056 Parthey
891 992 1019 1054 128,
1057 992 1160 1040 277
1209 984 1557 1057 (ἀμίλτωτος,
1605 984 1755 1053 quod
1802 983 2061 1053 saepius).
2114 988 2235 1050 154,
2267 988 2394 1053 1453
2436 989 2564 1050 155,
2595 987 2714 1037 172.
2789 980 3086 1036 Cumulare

607 1068 864 1137 exempla
899 1083 1012 1121 non
1051 1069 1299 1137 oportet:
1336 1065 1504 1120 mitto
1543 1068 1601 1119 te
1639 1065 1714 1118 ad
1749 1064 1967 1118 indices
2004 1063 2298 1132 Wesselyi.

465 1193 660 1356 (Apud
731 1193 1200 1379 Abmphiaraum
1273 1194 1538 1258 arietem
1601 1191 2025 1256 immolabant
2088 1190 2352 1276 eiusque
2422 1189 2625 1274 pelle
2691 1190 3085 1254 substrata

516 1292 748 1358 ormie
814 1297 942 1356 ant
1013 1345 1026 1356 .

464 1388 657 1474 Apud
711 1389 1110 1454 Podalirium
1175 1389 1393 1454 ovium
1447 1387 1725 1472 pellibus
1791 1389 2234 1452 incumbentes
2298 1385 2553 1453 oracula
2617 1385 3003 1471 expetebant
3018 1381 3084 1470 ²).

463 1486 658 1572 Apud
705 1486 1118 1552 Calchantem
1166 1487 1386 1552 arietis
1433 1487 1557 1551 atri
1603 1485 1791 1570 pellis
1840 1486 2266 1550 adhibebatur
2286 1485 2356 1572 3).

464 1583 658 1668 Apud
702 1584 997 1649 Faunum
1044 1585 1261 1649 ovium
1306 1586 1508 1668 pelles
1557 1585 2007 1648 sternebantur
2017 1582 2091 1670 4).

469 1681 719 1747 Similia
766 1683 843 1747 de
887 1682 1143 1748 Iudaeis
1191 1686 1534 1747 narrantur
1579 1682 1750 1766 apud
1793 1681 2266 1765 Hieronymum
2278 1679 2349 1768 ⁵).

609 1804 692 1858 De
727 1804 973 1872 peHibus
1019 1804 1301 1858 lustrandi
1361 1820 1530 1857 causa
1574 1803 1925 1856 multimOdis
1975 1802 2201 1856 usitatis
2241 1802 2309 1857 cf.
2349 1802 2656 1857 Prellerum
2695 1801 2767 1855 ad
2805 1800 3086 1853 Polemon.

606 1883 710 1952 frg.
753 1890 819 1937 87
856 1902 911 1953 p.
953 1889 1188 1952 140sqq.
1237 1883 1393 1936 Diels
1433 1882 1549 1938 Sib.
1588 1883 1673 1938 Bl.
1712 1902 1766 1952 p.
1802 1888 1869 1935 70
1902 1883 2030 1937 adn.
2072 1882 2141 1938 cf.
2181 1883 2257 1937 ib.
2296 1901 2351 1952 p.
2381 1887 2479 1950 48,
2509 1889 2566 1948 2,
2597 1888 2644 1936 9.
2720 1879 2950 1948 Stengel
2996 1878 3088 1932 Gr.

607 1962 942 2016 Kultusalt.²
1002 1981 1057 2032 p.
1100 1969 1217 2017 146.
1308 1963 1661 2032 Strepsiades
1730 1963 1792 2015 in
1864 1963 1955 2018 Ar.
2019 1962 2165 2016 Nub.
2227 1963 2377 2031 pelle
2432 1962 2591 2016 sedet
2641 1961 2941 2015 substrata.
3018 1958 3086 2012 cf.

606 2042 893 2096 Dieterich
931 2043 1072 2097 Mus,
1112 2043 1291 2096 Rhen.
1328 2048 1398 2096 48
1436 2061 1491 2111 p.
1523 2047 1643 2097 278.
1719 2042 1994 2096 Nonnihil
2033 2043 2431 2097 delectamenti
2475 2043 2713 2111 praebet
2747 2040 2848 2093 illa
2886 2039 3090 2093 Casau-

608 2123 744 2176 boni
782 2122 1121 2190 coniectura,
1160 2123 1258 2191 qui
1296 2122 1538 2176 dormire
1576 2139 1611 2175 a
1648 2139 1781 2176 voce
1825 2121 2045 2192 ‘Siqua'
2088 2123 2388 2178 derivavit:
2446 2123 2519 2176 ad
2557 2122 2758 2175 Athen.
2797 2120 2875 2173 VI
2912 2125 2961 2172 8.
3019 2118 3087 2171 cf.

607 2203 760 2257 Vink
806 2202 1193 2256 Amoenitates
1247 2202 1894 2272 philologico-medicae
1938 2222 1992 2272 p.
2036 2208 2117 2256 72.
2171 2236 2230 2242 -
2283 2200 2459 2271 δέρμα
2505 2198 2705 2270 ὑαίνης
2749 2199 2810 2252 in
2854 2198 3090 2267 magicis

611 2284 1101 2338 commemoratur:
1158 2282 1337 2336 Wess.
1376 2282 1445 2336 N.
1486 2281 1577 2338 Gr.
1608 2282 1708 2336 ZP.
1741 2289 1827 2349 26,
1858 2288 1962 2336 203
1996 2309 2058 2328 ==
2090 2283 2228 2336 Ken.
2270 2288 2355 2350 90,
2386 2287 2505 2335 203.
2565 2280 2740 2333 Wess.
2781 2279 2857 2333 ib.
2888 2282 2990 2331 206
3022 2304 3089 2322 =

612 2368 698 2429 91,
728 2368 847 2417 206.
925 2361 1259 2431 Corruptum
1294 2362 1532 2430 videtur,
1570 2363 1722 2431 quod
1759 2361 1971 2432 legitur
2005 2363 2186 2417 Wess,
2227 2361 2318 2416 Gr.
2359 2361 2460 2416 ZP.
2500 2365 2586 2427 85,
2616 2364 2755 2413 2596
2795 2360 2854 2412 et
2888 2358 2964 2412 ib.
3005 2362 3090 2423 87,

611 2443 828 2514 2658s9:
868 2444 1045 2514 δερμα
1074 2444 1257 2512 δορης.
1304 2441 1414 2496 Vix
1442 2442 1852 2511 accipiendum,
1882 2443 2033 2510 quod
2051 2442 2229 2497 Wess.
2262 2441 2625 2495 emendabat:
2665 2436 2840 2506 δέρμα
2869 2440 3089 2505 δορκῆς.

611 2523 678 2576 cf.
719 2522 970 2577 eiusdem
1005 2540 1060 2591 p.
1094 2527 1156 2589 7,
1202 2522 1301 2575 ubi
1337 2539 1552 2589 versus,
1600 2523 1670 2577 de
1708 2522 1911 2589 quibus
1961 2523 2150 2592 agitur
2186 2525 2273 2591 (17
2296 2523 2416 2590 sq),
2467 2521 2574 2573 hoc
2610 2518 2776 2572 modo
2814 2517 3089 2571 restituti:

613 2604 707 2658 καὶ
755 2599 912 2672 δέρμ’
969 2601 1111 2658 ἑλεῖν
1163 2605 1371 2673 δορκῆς
1419 2602 1574 2660 ἅπαν
1625 2600 1680 2657 κ’
1739 2603 1820 2666 εἰς
1877 2602 1981 2673 τὴν
2033 2602 2203 2672 φύσιν
2254 2618 2354 2657 σου
2406 2604 2602 2656 θεῖναι
2642 2599 2650 2672 l
2692 2594 2811 2668 αἷμ’
2870 2594 3093 2666 ἱέρακος

650 2821 701 2888 1)
739 2818 901 2888 κριὸν
945 2816 1225 2879 θύσαντες
1270 2817 1369 2870 καὶ
1413 2815 1476 2870 τὸ
1522 2813 1700 2884 δέρμα
1746 2812 2239 2884 ὑποστρωσάμενοι
2283 2813 2667 2868 καθεύδουσιν
2716 2808 3092 2879 ἀναμένοντες

477 2898 719 2965 δήλωσιν
756 2896 1046 2966 ὀνείρατος
1082 2897 1246 2952 Paus.
1285 2897 1311 2949 I
1348 2903 1434 2965 34,
1464 2901 1513 2951 5.

649 2983 704 3048 2)
741 2980 938 3046 δοραῖς
974 2976 1036 3031 δὲ
1074 2977 1260 3045 μήλων
1296 2977 1509 3048 τύμβον
1546 2972 1976 3046 ἐγκοιμωμένοις
2007 2977 2015 3046 Ι
2047 2975 2237 3046 χρήσει
2275 2972 2415 3029 καθ’
2459 2972 2643 3030 υπνον
2679 2981 2816 3026 πᾶσι
2854 2979 3093 3040 νημερτῆ

473 3056 646 3128 φατιν
701 3058 975 3127 Lycophr.
1017 3063 1155 3111 1050
1178 3075 1260 3126 sq.
1310 3057 1378 3111 cf.
1418 3057 1645 3111 Tzetzes
1676 3057 1750 3110 ad
1776 3056 1842 3109 1.·
1881 3051 2154 3110 εἰώθασιν
2183 3055 2237 3110 οἱ
2265 3055 2526 3122 Δαύνιοι,
2554 3051 2678 3120 ἤτοι
2708 3052 2762 3107 οἱ
2790 3048 3095 3122 Καλαβροί,

473 3138 535 3193 ἐν
572 3141 847 3208 μηλωταῖς
882 3137 1193 3192 καθεύδειν
1230 3136 1292 3191 ἐν
1327 3141 1403 3209 τῷ
1439 3134 1600 3209 ταφῳ
1637 3145 1735 3191 τοῦ
1774 3133 2179 3205 Ποδαλειρίου,
2217 3136 2314 3190 καὶ
2351 3132 2493 3190 καθ’
2537 3130 2752 3196 υπνους
2789 3131 3095 3203 λαμβανειν

474 3218 748 3287 χρησμοὺς
784 3215 841 3282 ἐξ
878 3217 1068 3271 αὐτοῦ.

652 3300 705 3367 3)
742 3294 1056 3368 ἐναγίζουσι
1103 3294 1155 3351 δ’
1201 3298 1350 3369 αὐτῷ
1398 3296 1737 3365 (Calchanti)
1782 3294 1994 3364 μέλανα
2040 3295 2200 3365 κριὸν
2249 3295 2302 3349 οἱ
2353 3292 2782 3363 μαντευόμενοι,
2830 3291 3094 3363 ἐγκοιμώ-

473 3396 630 3445 μενοι
667 3375 728 3432 ἐν
763 3381 840 3448 τῷ
875 3374 1105 3445 δέρματι
1144 3377 1346 3431 Strabo
1384 3376 1461 3429 VI
1498 3383 1548 3444 3,
1578 3381 1609 3428 9
1648 3395 1702 3445 p.
1733 3382 1854 3431 284.

649 3460 704 3528 4)
741 3458 1009 3525 „pellibus
1043 3458 1297 3512 incubuit
1332 3457 1557 3511 strati3“
1592 3455 1761 3525 Verg.
1811 3456 1948 3510 Aen.
1989 3455 2093 3509 VII
2121 3461 2205 3510 88.
2245 3462 2445 3523 „atque
2472 3456 2670 3509 harum
2697 3454 2919 3520 effultus
2948 3459 3097 3521 teryo

481 3538 770 3606 siratisque
806 3537 1016 3592 iacebat
1056 3538 1064 3607 Ι
1105 3536 1425 3590 ‘velleribus‘
1475 3534 1555 3589 ib.
1594 3541 1662 3589 94
1683 3552 1762 3603 sq.
1802 3552 2014 3604 „supra
2047 3552 2192 3590 ‘nova
2227 3537 2426 3589 vellera
2461 3550 2657 3602 corpus
2706 3534 2714 3598 Ι
2759 3533 2957 3601 poniff‘
2994 3530 3094 3584 Ov.

477 3616 627 3669 Fast.
665 3616 744 3669 IV
781 3621 883 3670 659
907 3634 987 3684 sq.

654 3699 707 3766 5)
744 3696 831 3748 Ad
864 3695 1105 3749 Iesaiam
1133 3700 1220 3764 65,
1248 3701 1282 3748 4
1321 3694 1513 3764 Migne
1553 3649 1760 3748 Patrol.
1787 3695 1909 3749 Lat.
1938 3696 1976 3749 t.
2000 3700 2067 3747 24
2096 3714 2149 3764 Ρ.
2170 3694 2357 3748 657A:
2398 3693 2689 3762 „habitans
2725 3694 2789 3745 in
2835 3691 3097 3759 sepulcris

478 3775 751 3846 (populus
785 3776 1015 3843 Israel),
1050 3781 1101 3830 et
1135 3776 1200 3828 in
1235 3776 1476 3829 delubris
1510 3775 1783 3830 idolorum
1821 3775 2118 3840 dormirem,
2163 3775 2261 3829 ubi
2295 3775 2484 3829 stratis
2521 3773 2759 3843 pellibus
2793 3771 3098 3825 hostiarum

479 3857 739 3910 incubare
783 3856 933 3909 soliti
976 3861 1151 3921 erant,
1197 3861 1261 3909 ut
1294 3856 1523 3910 somniis
1557 3857 1756 3923 futura
1790 3861 2219 3925 coquoscerent.“
2294 3853 2452 3919 Quod
2498 3856 2689 3906 tamen
2724 3850 3097 3919 Hieronymus

480 3952 511 3989 e
558 3934 806 3989 moribus
863 3934 1201 3988 Graecorum
1250 3934 1323 3988 ad
1369 3935 1609 3989 Iudaeos
1657 3934 2017 3989 transtulisse
2062 3934 2313 4001 videtur,
2351 3932 2683 4004 praesertim
2721 3949 2847 3985 cum
2883 3929 3097 3984 Iesaiae

480 4015 605 4069 loco
644 4015 816 4068 verba
856 4013 976 4069 ‘dada
1014 4013 1275 4069 ἐνύπνια’
1319 4014 1695 4084 Septuaginta
1733 4015 1959 4069 demum
1988 4014 2324 4080 adiecerint3
2380 4013 2575 4081 itaque
2614 4012 2684 4067 de
2721 4010 2963 4065 oraculis
2998 4027 3099 4080 per

483 4093 759 4149 somnium
796 4094 993 4163 petitis
1031 4093 1114 4147 nil
1153 4093 1385 4163 dictum,
1423 4112 1766 4162 quamquam
1815 4094 2087 4165 sepulcris
2127 4092 2575 4148 commemoratis
2614 4090 2833 4159 aliquid
2868 4090 3099 4144 incuba-

481 4174 624 4228 tioni
672 4172 855 4229 simile
901 4173 1215 4227 indicatum
1261 4190 1384 4229 esse
1428 4173 1834 4244 probabilitate
1880 4191 1993 4227 non
2040 4176 2209 4228 caret.
2276 4172 2345 4226 cf.
2385 4171 2651 4226 Welcker
2695 4171 2783 4225 Κ1.
2835 4170 2985 4225 Schr.
3024 4170 3101 4222 ΙΠ

481 4273 532 4323 Ρ.
565 4260 649 4310 90.
733 4254 919 4307 Duhm
967 4254 1042 4307 ad
1097 4254 1313 4308 Iesaiae
1357 4254 1560 4308 locum.
1645 4253 2004 4320 Strabonem,
2065 4252 2165 4306 ubi
2212 4253 2281 4306 de
2328 4252 2662 4307 Iudaeorum
2712 4250 2965 4319 loquitur
3015 4250 3099 4302 in-

483 4333 802 4403 cubatione,
830 4332 1106 4388 Graecum
1133 4334 1522 4388 tantummodo
1549 4350 1778 4402 morem,
1807 4336 1872 4388 ut
1900 4332 2061 4401 solet,
2089 4331 2149 4385 in
2179 4332 2418 4386 alterum
2444 4332 2713 4401 populum
2742 4328 3098 4384 transtulisse

482 4417 649 4484 putat
692 4413 854 4467 Wolf
885 4414 973 4466 Κ1.
1024 4413 1306 4468 Schriften
1353 4415 1438 4468 ed.
1488 4413 1817 4481 Bernhardy
1863 4414 1914 4466 Π
1959 4431 2013 4482 Ρ.
2046 4417 2167 4481 678,
2206 4412 2297 4466 cui
2336 4411 2642 4466 assentitur
2677 4409 2939 4463 Welcker
2975 4407 3011 4462 1.
3053 4425 3098 4461 c.

483 4492 666 4546 Aliter
714 4510 862 4546 nunc
909 4492 1228 4547 Preuschen
1273 4493 1603 4549 Mouchtum
1638 4512 1691 4548 u.
1732 4492 2084 4561 Sarapiscult
2128 4511 2183 4562 p.
2218 4498 2304 4560 21,
2335 4498 2383 4546 2.
2460 4491 2528 4546 cf.
2578 4506 2724 4559 quae
2762 4489 2831 4542 de
2868 4488 3096 4541 incuba-

484 4571 654 4626 tionis
701 4571 955 4642 vestigiis
1001 4571 1216 4640 profert
1265 4572 1325 4625 in
1376 4575 1563 4627 vetere
1621 4571 1784 4625 nobis
1836 4572 2177 4625 testamento
2228 4571 2480 4626 servatis.
2566 4570 2720 4634 Quae
2770 4570 2961 4621 tamen
3010 4582 3097 4619 res

484 4651 623 4704 mihi
667 4652 943 4706 haudita
990 4653 1142 4705 certa
1189 4650 1423 4706 videtur.
1501 4651 1844 4723 Corrigenda
1890 4667 1945 4719 Ρ.
1976 4657 2043 4705 26
2092 4652 2219 4706 adn.
2263 4658 2319 4706 1:
2377 4650 2437 4704 in
2474 4650 2638 4704 Pluto
2676 4648 2746 4700 de
2782 4646 2930 4719 pelle
2969 4646 3099 4700 sub-

488 4732 667 4786 strata
701 4731 784 4785 nil
824 4731 1046 4786 dicitur.
