3611 5264
566 324 650 388 96
1723 321 1907 392 Caput
1937 321 2029 377 IV.

742 484 973 550 Restat
1016 490 1092 550 ut
1137 486 1557 571 inquiramus,
1604 484 1749 568 quis
1795 484 1992 548 fuerit
2038 483 2309 549 daemon
2356 483 2423 548 in
2480 484 2622 550 vico
2677 482 3008 549 Menuthis
3056 484 3188 548 cul-

565 589 702 670 tus,
766 583 948 648 cuius
1011 584 1225 650 locum
1291 582 1627 648 christiani
1694 586 2088 666 occuparunt
2152 586 2484 666 martyres.
2577 580 2851 646 Oracula
2910 582 3187 647 edidisse

566 686 992 768 aegrotosque
1039 703 1295 747 curasse
1341 680 1451 745 ille
1496 680 1791 765 traditur,
1838 702 2001 765 quae
2048 702 2267 745 eorum
2305 681 2570 745 deorum
2611 679 2995 746 Graecorum
3034 684 3188 745 sunt

566 780 925 866 facultates,
973 779 1207 863 quibus
1255 777 1560 844 incubare
1607 778 1926 863 solebant3
1972 778 2351 842 muliebrem
2397 779 2599 843 fuisse
2645 779 2800 843 item
2848 783 3102 844 constat
3115 778 3184 866 1).

566 878 800 943 Nonne
846 877 1002 962 quid
1050 877 1259 963 magis
1307 881 1551 941 certum
1599 877 1736 942 erui
1781 876 2041 961 potest?
2122 876 2528 961 Responsum
2574 877 2786 941 reddit
2831 877 3187 961 inscriptiO,

570 999 763 1061 quam
836 975 1117 1062 benigna
1200 976 1480 1041 servavit
1555 976 1817 1040 fortuna
1892 996 2007 1059 per
2086 996 2401 1038 annorum
2486 974 2715 1039 seriem
2800 979 3191 1060 temporum-

568 1097 692 1160 que
748 1074 970 1159 fugam
985 1126 1003 1158 ,
1069 1095 1458 1158 quamquam
1522 1073 1714 1138 hodie
1787 1073 1900 1137 ubi
1973 1076 2182 1137 exstet
2250 1071 2506 1137 videtur
2564 1072 2894 1137 incertum.
2994 1072 3187 1157 Legis

569 1173 740 1237 enim
787 1172 957 1256 apud
1021 1171 1391 1236 Kaibelium
1438 1169 1635 1236 Inscr.
1686 1169 1791 1236 Gr.
1850 1169 1971 1236 Sic.
2029 1173 2094 1234 et
2148 1168 2290 1234 Ital.
2355 1194 2448 1236 nr.
2511 1170 2680 1234 1005
2741 1169 2854 1259 (=
2905 1169 2970 1236 O.
3018 1169 3065 1235 I.
3114 1169 3184 1234 G.

567 1269 667 1334 III
712 1270 943 1334 4683b
984 1301 1068 1323 =
1099 1269 1421 1334 Letronne
1475 1269 1738 1334 Recueil
1794 1269 1905 1333 des
1961 1267 2376 1352 inscriptions
2435 1267 2751 1353 Grecques
2806 1274 2872 1334 et
2924 1268 3188 1333 Latines

570 1369 646 1432 de
699 1347 1001 1453 I'Egypte
1046 1365 1078 1431 I
1123 1391 1184 1452 p.
1222 1367 1356 1431 434
1401 1390 1495 1431 nr.
1524 1366 1826 1431 XLV—
1740 1399 1826 1421 =
1866 1365 2176 1433 Gruterus
2232 1365 2428 1432 Inscr.
2475 1372 2605 1432 ant.
2655 1391 2716 1452 p.
2755 1367 2859 1453 85,
2892 1365 2957 1455 1)
3004 1367 3188 1431 haec:

567 1467 797 1531 Εἴσιὸι
848 1467 1070 1552 Φαρίᾳ
1113 1460 1353 1531 Εἷσιν
1396 1466 1539 1549 τὴν
1592 1465 1674 1531 ἐν
1719 1461 2160 1552 Μενουθὶῗ)
2205 1462 2375 1552 ὑπὲρ
2413 1470 2738 1553 σωτηρίας
2781 1475 2902 1531 τοῦ
2947 1468 3189 1552 κυρίου

567 1564 757 1649 ἡμῶν
802 1565 1291 1651 αὐτοκράτορος
1323 1562 1782 1630 Ἀντωνείνου.
1873 1561 2012 1627 Iam
2056 1563 2257 1627 habes
2305 1562 2488 1628 deam
2534 1564 2741 1648 illam,
2786 1561 3023 1628 Isidem
3071 1562 3189 1626 sci-

567 1662 721 1727 licet
776 1662 851 1728 ἐν
904 1663 1252 1746 Μενούθι,
1308 1663 1490 1727 cuius
1548 1666 1830 1727 statuam
1886 1660 2100 1726 nescio
2157 1661 2302 1746 quis
2359 1661 2546 1726 alteri
2601 1661 2760 1726 Isidi
2817 1666 2990 1726 certo
3043 1660 3187 1725 loco

570 1761 779 1825 cultae
790 1759 843 1848 ³)
912 1761 1165 1827 dicavit.
1256 1760 1532 1825 Videtur
1593 1758 1785 1825 Isidis
1841 1759 2018 1824 illius
2074 1759 2286 1824 cultus
2355 1760 2678 1844 quondam
2734 1759 3186 1825 celeberrimus

568 1858 798 1944 fuisse,
844 1857 911 1921 id
958 1859 1130 1941 quod
1184 1858 1607 1942 probabiliter
1662 1858 1924 1943 collegit
1977 1856 2410 1945 Boeckhius4)
2468 1880 2546 1922 ex
2599 1856 2805 1922 Indici
2852 1858 3047 1922 maris
3095 1857 3192 1920 in-

571 1956 712 2019 sula
760 1956 1156 2032 Μενουθιοές
1199 1955 1461 2020 nomine
1505 1956 1781 2021 fortasse
1818 1979 1856 2020 a
1893 1959 2092 2020 nauta
2139 1956 2419 2039 quodam
2457 1955 2897 2021 Alexandrino
2944 1958 3189 2040 vocata,

571 2053 673 2118 cui
720 2057 944 2118 votum
992 2075 1145 2140 erga
1190 2051 1426 2118 Isidem
1475 2058 1612 2118 erat
1658 2051 2038 2119 solvendum
2054 2051 2125 2141 ⁵).
2216 2051 2395 2118 Idem
2449 2076 2683 2119 nomen
2739 2055 3014 2119 feminae
3061 2054 3190 2117 cui-

573 2151 719 2215 dam
766 2151 1155 2216 attributum
1206 2151 1275 2215 in
1326 2152 1747 2236 inscriptione
1802 2152 2083 2217 occurrit
2127 2148 2527 2237 Aegyptiaca
2584 2150 2650 2216 O.
2687 2150 2737 2217 I.
2777 2150 2847 2217 G.
2884 2150 2983 2216 III
3011 2151 3188 2216 4814

570 2246 685 2335 (=
731 2248 1054 2314 Letronne
1100 2249 1429 2314 Transact.
1479 2251 1553 2314 of
1592 2251 1703 2315 the
1750 2249 1932 2334 royal
1971 2249 2214 2334 society
2251 2252 2326 2315 of
2362 2250 2459 2316 lit.
2501 2246 2835 2338 11(1832)
2872 2274 2931 2335 p.
2965 2250 3066 2333 71,
3089 2247 3188 2336 8):

571 2348 679 2412 hic
727 2369 981 2432 quoque
1027 2369 1066 2411 a
1112 2348 1229 2412 dea
1273 2347 1388 2412 illa
1434 2348 1698 2413 ductum
1737 2370 1875 2413 esse
1910 2348 2180 2414 videtur.
2253 2349 2392 2415 Nec
2427 2349 2643 2414 minus
2682 2371 2757 2413 ea
2799 2371 2869 2414 re
2914 2350 3190 2414 fortasse

573 2449 813 2528 quanta
859 2446 975 2510 dea
1030 2444 1417 2511 Menuthitis
1471 2446 1670 2510 fuerit
1725 2446 2108 2512 auctoritate
2164 2448 2553 2532 illustratur,
2610 2447 2781 2531 quod
2835 2446 3057 2511 tabula
3112 2446 3190 2510 de

573 2566 698 2628 qua
746 2566 939 2629 supra
986 2544 1267 2608 diximus
1313 2543 1575 2630 Romae,
1624 2545 1942 2629 siquidem
1988 2547 2112 2611 hoc
2172 2547 2426 2611 credere
2471 2545 2623 2610 licet
2638 2544 2719 2634 ⁶),
2777 2549 2914 2610 erat
2958 2545 3187 2630 posita.

573 2641 952 2728 Sepulcrum
998 2642 1398 2708 Menuthidis
1446 2644 1778 2709 cuiusdam
1825 2666 2026 2730 prope
2062 2643 2519 2710 Alexandriam
2566 2645 2813 2710 cultum
2858 2644 3077 2729 fuisse,
3124 2644 3191 2707 id

574 2742 744 2824 quod
805 2741 1048 2826 optime
1103 2741 1171 2806 in
1227 2742 1541 2807 eiusmodi
1598 2743 1872 2826 quadrat
1931 2744 2195 2808 deorum
2257 2743 2760 2828 venerationem,
2816 2743 2984 2827 apud
3038 2742 3194 2827 Epi-

573 2840 887 2924 phanium
932 2839 1097 2926 legis
1145 2841 1213 2903 in
1257 2840 1585 2905 Ancorato
1598 2840 1668 2928 ⁷).
1760 2839 1865 2906 Ad
1911 2842 2094 2929 orgia
2138 2842 2412 2925 denique
2457 2842 2526 2905 in
2581 2842 2734 2906 deae
2788 2841 2965 2906 illius
3012 2840 3191 2905 cultu

576 2939 819 3002 usitata
864 2939 1219 3023 pertinent,
1276 2960 1437 3021 quae
1492 2940 1661 3023 apud
1717 2941 1988 3005 eundem
2043 2940 2460 3005 inveniuntur
2515 2940 2892 3024 scriptorem
2947 2939 3192 3006 advers.

573 3037 815 3100 haeres.
864 3040 907 3100 t.
947 3033 1046 3098 III
1100 3059 1160 3120 p.
1204 3036 1460 3120 570‚25
1517 3037 1734 3103 Dind.:
1800 3040 1916 3115 τὰς
1979 3034 2055 3103 δὲ
2121 3040 2549 3123 Μεμφίτιδας
2605 3036 3191 3113 Ἡλιουπολίτιδας

575 3134 927 3220 ὀργιώσας,
963 3135 1280 3222 τυμπάνῳ
1308 3157 1380 3199 τε
1414 3132 1526 3199 καὶ
1554 3135 1738 3223 αὐλῷ
1774 3137 1849 3219 τὸ
1886 3134 2265 3222 θέλγητρον
2301 3138 2396 3213 εἰς
2433 3134 2668 3214 ἑαυτὰς
2705 3135 3192 3221 λαμβανούσας,

756 3348 807 3416 1)
843 3345 1038 3398 Addas
1077 3345 1168 3415 Sp.
1199 3345 1264 3400 R.
1294 3344 1374 3399 IV
1402 3352 1531 3400 252:
1572 3344 1710 3408 ὅλως
1746 3346 1922 3416 πυρὰ
1960 3347 2057 3402 καὶ
2092 3347 2231 3410 θεὸς
2268 3344 2416 3403 εἶναι
2451 3348 2694 3411 δυνατὸς
2728 3349 2825 3402 καὶ
2862 3357 3190 3417 προσκυνεῖ·

574 3429 713 3480 σθαι
750 3424 932 3480 θέλει·
972 3425 1035 3480 ἐν
1071 3435 1191 3491 τοῖς
1227 3424 1489 3496 δαίμοσιν
1527 3428 1630 3482 οὐκ
1668 3427 1816 3482 ἔστιν
1853 3427 1986 3483 οὐδὲ
2026 3428 2197 3497 ἄρρεν
2234 3428 2367 3483 οὐδὲ
2402 3432 2567 3499 θῆλυ.
2616 3429 2713 3485 καὶ
2759 3427 2981 3501 βλέπετε
3018 3427 3193 3484 ποίαν
3224 3487 3230 3492 ,

576 3505 796 3577 ἔχουσιν
831 3503 1181 3575 προαίρεσιν
1223 3505 1495 3577 ὀνόμασιν
1531 3518 1880 3579 γυναικῶν
1918 3512 2215 3563 καλεῖσθαι
2252 3510 2565 3580 βούλονται.

754 3589 809 3657 2)
847 3586 1087 3641 Videtur
1124 3587 1332 3641 rectius
1368 3589 1652 3644 Μενούθι.

753 3671 859 3736 3)
859 3668 938 3734 ,11
980 3669 1144 3738 s’ayit
1189 3668 1355 3735 donc,
1401 3669 1503 3736 ici,
1550 3669 1615 3723 de
1660 3671 1717 3723 la
1762 3671 2135 3725 consideration
2181 3671 2246 3725 de
2291 3672 2349 3724 la
2392 3676 2570 3726 statue
2615 3671 2672 3724 α’
2670 3687 2779 3725 wrae
2816 3635 2926 3725 Isis
2973 3671 3186 3725 ‘’locale

575 3749 718 3804 dans
755 3749 802 3802 le
836 3750 1029 3817 temple
1065 3748 1122 3801 d’
1120 3766 1229 3803 une
1264 3756 1422 3804 autre
1457 3750 1569 3804 Isis
1608 3751 1852 3805 ‘'locale'‘
1853 3750 2184 3805 ‘Letronne
2220 3770 2273 3820 p
2303 3756 2424 3804 434.

751 3832 807 3898 4)
844 3828 933 3881 Ad
981 3827 1038 3883 C.
1078 3829 1118 3882 I.
1158 3828 1223 3884 G.
1260 3828 1566 3883 111468310.
1642 3830 1775 3884 Loci
1812 3830 2028 3885 ibidem
2063 3847 2167 3886 nec
2202 3847 2317 3885 non
2368 3832 2520 3901 apud
2561 3832 2926 3886 Letronnium
2975 3849 3029 3900 p.
3068 3837 3190 3885 436.

577 3908 826 3962 Insulam
862 3908 964 3962 alii
1004 3908 1441 3981 ‘Madagascar’,
1479 3908 1581 3963 alii
1621 3909 1940 3964 ‘Zanzibar’
1981 3927 2102 3966 esse
2141 3912 2402 3982 credunt;
2439 3920 2608 3984 νῆσος
2645 3910 2950 3975 Αἰθιοπίας
2999 3911 3189 3980 Steph.

573 3988 704 4057 Byz.
745 4007 785 4042 s,
824 4008 875 4043 v.
913 3986 1226 4053 Μένουθις.

754 4071 807 4137 5)
847 4069 939 4123 Sic
973 4070 1253 4126 Letronne
1290 4088 1341 4141 p.
1374 4077 1494 4125 436.

755 4150 808 4218 6)
847 4147 1115 4204 Gruterus
1155 4151 1416 4206 adnotat:
1455 4151 1719 4219 „Romae,
1756 4153 1820 4206 in
1853 4153 2048 4209 Com'tii
2074 4153 2351 4223 quondam
2386 4152 2595 4209 domo“.
2665 4155 3062 4222 „Proveniente
3098 4152 3195 4206 dal

573 4230 892 4299 neyoziante
928 4230 1126 4285 Melch.
1170 4231 1394 4287 Fossati
1430 4233 1492 4287 di
1527 4234 1745 4288 Roma«
1780 4233 1963 4303 Lopez
2002 4232 2155 4303 apud
2192 4233 2353 4288 Kaib.
2428 4235 2707 4301 „Parmae
2750 4236 2816 4288 in
2858 4251 3039 4289 museo
3079 4237 3191 4302 (ac-

575 4310 753 4378 quisto
800 4314 972 4365 1843:
1019 4310 1266 4380 Lopez)“
1313 4312 1595 4366 Bormann
1643 4330 1731 4382 ap.
1781 4313 1945 4369 Kaib.
2020 4313 2268 4381 „Romae
2313 4316 2535 4370 titulum
2575 4316 2819 4384 positum
2871 4316 3044 4382 fuisse
3096 4331 3194 4368 nec

574 4390 938 4444 demonstrari
971 4406 1069 4444 ‘nec
1103 4392 1297 4460 neyari
1324 4397 1538 4460 potest“
1574 4392 1695 4462 ipse
1731 4393 1952 4448 Kaibel.

755 4473 807 4542 7)
845 4468 1119 4540 Κάνωβός
1145 4489 1203 4525 τε
1231 4470 1262 4524 ὁ
1291 4473 1587 4528 Μενελάου
1615 4473 1955 4545 κυβερνήτης
1983 4476 2078 4529 καὶ
2108 4474 2143 4544 ἡ
2172 4474 2374 4530 τούτου
2403 4476 2544 4547 γυνὴ
2585 4475 3195 4574 Εὐμενουθὶς,(1θςηιι(;

615 4549 897 4562 .....

574 4627 735 4704 ὃρείᾳ
762 4629 1105 4701 τεθαμμένοι
1132 4640 1400 4700 τιμῶνται
1435 4634 1603 4702 πρὸς
1638 4643 1714 4705 τῇ
1752 4634 1927 4706 ὄχθῃ
1964 4644 2079 4705 τῆς
2114 4635 2495 4707 θαλάσσης,
2535 4600 2922 4691 iimo-denoto&
2952 4634 3194 4705 σημείων

575 4711 861 4773 διεστῶτες
895 4711 1171 4781 Epiphan.
1211 4712 1410 4766 Ancor.
1444 4719 1545 4768 106
1583 4732 1636 4783 p.
1669 4720 1790 4785 209,
1821 4720 1888 4767 26
1925 4714 2091 4770 Dind.
