3611 5264
1199 320 1283 374 De
1319 319 1680 375 incubatione
1719 318 2043 376 christiana.
2956 323 3042 387 63

427 504 643 551 euram
687 485 912 548 virtute
955 482 1154 549 crucis
1198 485 1535 566 inpendit!
1501 483 1535 518 “
1598 483 1742 547 Hoc
1780 484 2039 568 quidem
2079 489 2575 550 consentaneum
2614 508 2752 551 esse
2789 487 3044 551 videtur

428 583 663 646 veteris
728 581 1161 646 incubationis
1217 582 1544 666 perlucere
1609 581 1907 667 vestigia,
1972 581 2085 645 ubi
2140 583 2345 646 iacere
2411 583 2670 648 iubetur
2723 588 3042 669 aegrotUS,

429 704 547 745 nec
591 703 728 745 non
774 681 979 745 iacere
1026 679 1190 743 illud
1237 683 1406 744 certe
1452 679 1731 763 aliquam
1774 678 2037 743 exhibet
2075 680 2630 766 significationem,
2675 685 2890 745 tamen
2938 705 3042 746 011-

432 779 598 842 ratio
646 779 789 862 ipsa
832 800 962 842 non
1010 799 1237 842 somno
1285 778 1593 861 efficitur,
1649 778 1758 840 sed
1808 777 2014 841 crucis
2062 777 2250 882 signo
2297 801 2335 841 a
2382 776 2793 844 3.(11011113110
2841 780 3039 844 illato,

427 875 740 941 Similiter
787 876 1195 941 iudicandum
1256 879 1356 939 est
1409 876 1486 939 de
1533 897 1752 958 03000,
1810 876 1919 959 qui
1977 875 2056 938 ad
2104 897 2150 939 s.
2189 874 2455 940 Martini
2512 876 2820 941 lectulum
2868 901 3040 962 pro-

427 979 720 1039 stratus
785 979 972 1039 nocte
1038 974 1322 1039 lacrimis
1397 978 1462 1037 et
1526 973 1926 1037 orationibus
1998 978 2257 1057 peracta
2329 976 2573 1058 „lumen
2634 978 2841 1041 videre
2894 999 3041 1059 pro-

427 1075 705 1150 meruiff‘,
759 1069 1021 1158 Gregor.
1078 1071 1227 1136 Tur.
1284 1072 1361 1135 de
1417 1071 1562 1136 virt.
1611 1094 1658 1135 S.
1697 1070 1962 1135 Martini
1999 1071 2063 1136 II
2104 1074 2187 1137 19
2225 1072 2311 1137 M.
2354 1071 2422 1137 G
2460 1096 2521 1157 p.
2551 1075 2698 1140 616.
2791 1075 3041 1160 Vigilat

427 1171 597 1234 enim
662 1192 777 1254 per
839 1174 1044 1234 totam
1109 1173 1363 1233 noctem
1430 1172 1730 1254 aegrotus
1789 1191 1996 1253 neque
2051 1193 2203 1235 vero
2270 1171 2347 1234 (10
2408 1194 2632 1236 30111110
2690 1173 3039 1256 quidquam

427 1269 682 1332 dicitur.
776 1268 900 1332 Vel
946 1268 1031 1332 ib.
1069 1267 1165 1331 III
1203 1268 1242 1332 8
1281 1291 1343 1351 p.
1381 1267 1512 1330 634
1568 1268 1885 1352 conferas,
1938 1267 2051 1332 ubi
2107 1269 2321 1333 infans
2378 1273 2705 1333 mortuum
2752 1293 2789 1333 a
2834 1274 3038 1335 matre

427 1370 573 1429 ante
619 1367 820 1430 altare
868 1367 1231 1449 depositum
1279 1387 1464 1430 mane
1511 1365 1837 1429 invenitur
1883 1366 2117 1431 vivum.

603 1462 892 1528 Alteram
921 1462 1377 1527 miraculorum
1406 1464 1634 1527 seriem
1663 1464 1966 1529 brevibus
1995 1465 2312 1549 attingere
2333 1469 2605 1549 oportet.
2653 1464 3037 1550 Saepissime

425 1562 702 1648 legimus
750 1565 1044 1646 aegrotos
1093 1561 1434 1626 sanitatem
1480 1562 1953 1645 recuperavisse
2000 1563 2069 1626 in
2114 1562 2376 1648 vigiliis.
2459 1562 2808 1647 Praecipue
2855 1565 3037 1629 festis

428 1663 796 1723 sanctorum
842 1660 1124 1743 undique
1172 1660 1580 1723 confluebant
1625 1659 1975 1745 christiani,
2021 1664 2096 1724 ut
2144 1661 2383 1725 orando
2430 1661 2885 1746 vigilandoque
2931 1685 3038 1746 pa-

428 1761 689 1822 tronum
735 1779 922 1821 suum
971 1756 1383 1841 celebrarent,
1429 1761 1621 1842 atque
1667 1757 1790 1822 hoc
1846 1763 2134 1843 tempore
2192 1759 2512 1843 permulta
2565 1759 2805 1822 fiebant
2851 1761 3040 1824 mira-

428 1856 572 1920 cula
616 1855 1129 1940 curabanturque
1175 1856 1434 1920 infirmi.
1528 1855 1668 1931 Qua
1712 1857 1780 1919 in
1825 1879 1895 1920 re
1940 1857 2114 1921 haud
2158 1879 2302 1920 raro
2350 1857 2605 1943 accidit,
2651 1860 2724 1920 ut
2771 1879 3038 1942 corpore

321 2021 328 2029 ,
428 1954 675 2040 vigiliis.
719 1954 969 2018 defesso
1016 1975 1204 2017 mane
1252 1954 1660 2018 obdormiant
1706 1955 1972 2040 aegroti,
2020 1977 2147 2038 quo
2193 1955 2366 2018 facto
2414 1955 2759 2040 contingit,
2806 1960 2880 2020 ut
2924 1979 3039 2041 per

426 2074 722 2116 somnum
770 2053 850 2115 iis
896 2056 1245 2137 appareant
1291 2056 1624 2137 martyres,
1717 2051 1878 2117 Cum
1924 2075 2076 2118 vero
2124 2053 2439 2118 eiusmodi
2487 2054 2738 2117 somnia
2783 2077 2914 2119 non
2961 2055 3037 2118 de

425 2151 742 2215 industria
787 2154 1186 2235 expetantur,
1233 2151 1432 2214 immo
1472 2151 1630 2235 ipsis
1677 2150 1920 2236 vigiliis
1965 2152 2276 2236 neglectis
2312 2152 2591 2235 veniant,
2637 2174 2752 2235 per
2789 2174 2854 2216 se
2893 2173 3038 2217 0011-

426 2252 553 2312 stat
607 2248 715 2312 hic
771 2249 848 2311 de
903 2248 1314 2313 incubatione
1369 2248 1496 2312 dici
1555 2270 1687 2313 non
1739 2270 1943 2332 posse.
2044 2249 2191 2313 Huc
2245 2249 2448 2335 igitur
2501 2249 2833 2313 referenda
2888 2253 3038 2314 sunt

423 2346 595 2428 talia,
643 2347 860 2429 qualia
902 2345 1068 2432 legis
1114 2348 1283 2431 apud
1332 2344 1592 2432 Gregor.
1631 2344 1778 2411 Tur.
1811 2348 1886 2410 de
1923 2347 2071 2411 virt.
2110 2369 2155 2411 s.
2184 2346 2419 2410 Iuliani
2467 2349 2506 2411 9
2555 2371 2614 2432 p.
2645 2347 2795 2431 568,
2825 2349 2906 2411 21
2959 2349 3035 2412 (10

423 2443 726 2508 Fedamia
772 2445 1047 2527 quadam
1094 2446 1381 2530 muliere,
1427 2465 1620 2526 „quae
1665 2446 1816 2509 dum
1861 2446 1933 2509 in
1970 2446 2217 2527 porticu
2259 2445 2393 2523 illa,
2438 2466 2597 2526 quae
2641 2452 2890 2511 sanctae
2935 2447 3036 2509 ba-

423 2542 637 2606 silicae
691 2541 985 2629 (Iuliani)
1042 2545 1462 2625 eoniunqitwr,
1518 2543 1839 2607 decubaret
1889 2547 2121 2606 noctem
2174 2544 2578 2626 dominicam,
2634 2546 2785 2609 dum
2836 2565 3035 2608 sacro—

422 2643 655 2705 sanctis
699 2642 936 2722 viqiliis
992 2643 1209 2723 populi
1252 2644 1406 2723 fides
1465 2643 1680 2706 devota
1735 2641 2120 2719 concelebrat,
2183 2647 2242 2705 et
2291 2642 2407 2706 illa
2461 2644 2772 2723 quiescens
2826 2644 3036 2707 lectulo

416 2738 814 2820 paululum
859 2739 1271 2818 obdormisset,
1318 2760 1361 2802 a
1404 2740 1538 2803 viro
1583 2740 1853 2820 quodam
1886 2759 2006 2820 per
2049 2740 2254 2803 visum
2297 2745 2573 2821 correpta
2619 2746 2799 2821 atque
2841 2742 3037 2806 incre-

417 2838 561 2917 pita
608 2842 696 2901 est
740 2838 973 2901 dicente
1017 2837 1164 2916 sibi,
1211 2858 1338 2901 cur
1389 2837 1645 2918 reliqu-is
1699 2836 1985 2901 excubias
2046 2842 2382 2902 nocturnas
2437 2837 2573 2902 Deo
2620 2838 3036 2905 eoebibentibus

422 2935 512 2998 ill
526 2956 568 2998 a
614 2937 908 3000 deesset.
956 2937 1274 3017 respondit
1315 2956 1378 3001 30
1423 2935 1501 3000 ab
1556 2936 1728 2999 omni
1781 2934 2191 2999 membrorum
2238 2940 2420 3016 parte
2479 2936 2735 3001 debilem
2786 2958 2896 3001 nee
2930 2960 3033 3019 pe-

424 3034 595 3097 nitus
634 3054 915 3114 ¹qressum
959 3054 1138 3116 ayere
1170 3054 1370 3116 posse.
1417 3038 1562 3098 tunc
1605 3033 1789 3115 quasi
1841 3038 2181 3098 sustentata
2238 3055 2279 3096 a
2333 3034 2467 3099 viro
2521 3036 2631 3115 qui
2684 3036 3037 3117 loquebamr

425 3131 483 3193 ei
542 3135 600 3193 et
650 3132 738 3194 ad
790 3131 1176 3212 sepulchrum
1229 3152 1420 3213 usque
1474 3133 1759 3209 deducta,
1815 3133 1966 3196 dum
2018 3132 2091 3196 in
2144 3153 2357 3215 sopore
2405 3135 2626 3215 fundit
2681 3135 3035 3220 orationem,

425 3230 629 3293 visum
674 3234 762 3293 est
805 3231 878 3307 ei,
924 3231 1108 3311 quasi
1152 3230 1482 3295 multitudo
1527 3235 1888 3295 catenarum
1942 3230 2020 3294 ab
2066 3231 2198 3295 eius
2241 3231 2532 3296 membris
2574 3231 2700 3296 solo
2747 3234 3033 3298 decidere.

425 3346 468 3388 a
521 3346 639 3406 quo
694 3328 882 3391 etiam
935 3329 1142 3392 sonitu
1195 3330 1617 3411 experqefacta
1669 3330 1864 3393 sensit
1924 3329 2203 3393 omnium
2266 3335 2518 3394 artuum
2574 3331 2865 3412 recepisse
2904 3332 3035 3413 ple-

423 3424 757 3489 nissimam
783 3425 1168 3490 sanitatem.“
1231 3423 1519 3510 Apparet
1546 3425 1884 3490 mulierem
1920 3448 2053 3490 non
2081 3427 2442 3490 somniandi
2471 3450 2660 3491 causa
2688 3428 3033 3493 advenisse.

430 3520 733 3585 Conferre
761 3521 969 3608 liceat,
998 3544 1160 3606 quae
1198 3522 1458 3587 exhibet
1486 3524 1656 3588 idem
1687 3522 1873 3609 Greg.
1905 3522 2053 3588 Tur.
2083 3525 2152 3587 in
2188 3524 2348 3609 glor.
2378 3528 2561 3588 mart.
2600 3524 2641 3588 5
2682 3547 2741 3608 p.
2769 3525 3032 3609 490sq.:

425 3617 859 3706 Chrodigildis
906 3618 1131 3705 'puella
1187 3642 1372 3685 caeca
1424 3622 1493 3686 in
1547 3622 1936 3687 monasterio
1998 3644 2045 3685 S.
2110 3619 2328 3685 Crucis
2388 3620 2810 3686 Pictaviensis
2856 3628 3034 3702 „ante

421 3724 702 3783 sanctam
739 3720 1157 3801 prosternitm·
1201 3741 1447 3799 000001,-
1463 3742 1466 3745 ’
1485 3721 1690 3803 ibique
1734 3741 1873 3786 cum
1920 3720 2176 3802 reliquis
2220 3721 2845 3787 sanctaemonialibus
2879 3724 3034 3804 viqi-

422 3818 546 3882 lias
610 3818 927 3899 eoeplicans
995 3820 1140 3883 dato
1204 3840 1388 3884 mane
1449 3819 1734 3884 hisdem
1793 3819 2343 3884 discedentibus
2401 3815 2721 3901 prostrata
2777 3821 2903 3885 solo
2961 3822 3034 3885 in

422 3917 628 3980 eodem
675 3915 800 3980 loco
847 3918 1093 4002 quievit,
1139 3918 1551 4000 apparuitque
1594 3919 1652 3981 ei
1687 3938 1804 3999 per
1838 3918 2058 3995 visum,
2104 3918 2287 3999 quasi
2322 3919 2592 3999 aperiret
2623 3919 2855 3999 aliquis
2900 3940 3033 3984 oeu-

424 4012 513 4076 los
559 4012 709 4097 eius,
755 4019 812 4077 et
854 4035 1053 4080 unum
1096 4017 1360 4080 sanitati
1403 4016 1732 4098 redditum,
1779 4018 1933 4080 dum
1976 4035 2115 4080 cum
2164 4016 2291 4080 alio
2337 4016 2656 4096 laboraret,
2703 4017 2900 4081 subito
2946 4021 3034 4082 ad

422 4110 567 4174 ostii
609 4113 866 4175 reserati
927 4133 1147 4178 sonum
1202 4114 1623 4195 expergefacta
1684 4114 1876 4178 unius
1929 4114 2090 4177 oculi
2143 4113 2350 4178 lumen
2400 4115 2636 4197 recepit.
2692 4117 2855 4196 quod
2907 4137 3034 4180 non

421 4207 760 4290 ambigitur
803 4209 951 4273 haec
983 4213 1115 4291 per'
1158 4212 1356 4276 crucis
1409 4211 1696 4275 virtutem
1746 4212 1945 4292 fuisse
1989 4213 2418 4294 praestitum.“
2507 4210 2734 4296 Itaque
2790 4213 3031 4298 vigiliis

421 4304 697 4390 expletis
744 4307 937 4370 ceteri
987 4307 1335 4393 discedunt,
1380 4307 1596 4393 puella
1641 4308 1753 4371 illa
1792 4309 2039 4374 defessa
2084 4312 2395 4395 remanet3
2440 4332 2556 4393 per
2600 4310 2810 4375 visum
2856 4332 3033 4375 cura-

420 4408 544 4488 tur,
589 4407 806 4467 tamen
852 4404 932 4468 ab
971 4405 1399 4470 inculcationis
1437 4406 1825 4470 testimoniis
1862 4407 1985 4471 hoc
2031 4430 2163 4472 non
2206 4406 2371 4471 nihil
2418 4408 2672 4473 differre
2711 4409 2854 4492 quis
2899 4431 3030 4472 non

420 4502 612 4566 videt.
704 4500 778 4565 Ι(1
836 4503 1007 4586 quod
1063 4503 1257 4567 etiam
1314 4503 1546 4569 clarius
1601 4503 1882 4588 perspici
1936 4509 2177 4589 potest,
2233 4527 2377 4569 cum
2432 4506 2595 4591 legis
2652 4528 2813 4589 quae
2860 4504 3028 4588 apud

423 4596 606 4685 Greg.
646 4600 793 4665 Tur.
823 4601 901 4664 (10
939 4601 1085 4665 virt.
1117 4622 1165 4664 3.
1193 4599 1459 4666 Martini
1495 4600 1559 4665 Π
1595 4601 1681 4665 26
1720 4625 1779 4685 p.
1811 4602 1960 4687 619,
1981 4603 2022 4667 3
2062 4603 2139 4667 de
2167 4602 2352 4667 Piolo
2383 4601 2614 4667 clerico
2644 4601 3027 4667 Condatensi

421 4702 602 4761 muto
647 4702 1006 4763 narrantur.
1102 4697 1225 4775 Qui
1271 4702 1395 4779 „ad
1446 4700 1605 4765 beati
1665 4697 1778 4787 (sc.
1826 4698 2123 4789 Martini)
2165 4702 2355 4784 pedes
2412 4700 2733 4782 viqilare
2786 4701 3025 4783 dispo-
