3611 5264
533 301 617 363 88
1685 297 1869 366 Caput
1903 297 1995 351 IV.

530 464 698 550 πρὸς
745 462 1068 546 Ἰωάννην
1125 460 1236 527 καὶ
1293 465 1526 545 Κῦρον
1580 464 1737 537 τοὺς
1799 462 2140 546 μάρτυρας
2193 464 2351 537 τοὺς
2416 463 2625 538 ὅντως
2681 461 2986 546 ἀρωγοὺς
3040 459 3151 526 καὶ

533 563 765 641 σώζειν
830 561 1182 645 ἰσχύοντας
1247 562 1556 644 ἔρχεται
1615 557 1742 623 καὶ
1801 566 1903 646 τῷ
1971 560 2278 625 τούτων
2334 568 2537 646 σηκῷ
2595 563 3150 625 κατακλίνεται

533 661 655 742 τὴν
718 659 940 724 αὐτῶν
1005 659 1220 745 ῥοπὴν
1277 657 1717 741 ἐκδεχόμενος.
1809 656 1884 721 Id
1941 678 2195 740 quoque
2255 679 2401 721 cum
2465 658 2719 722 iamatis
2780 656 3150 741 Epidauriis

533 758 775 842 optime
813 757 1113 841 concinit,
1150 756 1322 838 quod
1360 756 1528 819 inter
1565 777 1674 819 eos
1714 755 1825 838 qui
1862 756 2105 821 morbis
2153 756 2518 821 laborantes
2567 756 2830 821 adibant
2882 778 3151 841 sacrum,

533 855 808 920 feminae
856 858 1036 918 erant
1084 853 1352 936 steriles,
1400 875 1561 936 quae
1608 853 1867 935 quidem
1913 877 1951 917 a
1988 855 2223 919 sanctis
2261 853 2719 918 fecunditatem
2766 858 3151 937 expeterent.

534 953 611 1017 cf.
662 952 767 1036 34,
796 950 967 1016 3537
993 950 1069 1035 O,
1129 952 1241 1015 ubi
1301 950 1632 1016 Dorothea
1691 952 2002 1033 quaedam
2063 947 2149 1038 (v.
2195 973 2387 1035 supra
2432 974 2492 1035 p.
2532 950 2646 1038 82)
2709 952 2785 1018 de
2840 951 2975 1016 filio
3033 973 3151 1016 suo

534 1050 837 1135 implorat
900 1054 1240 1134 martyres:
1302 1051 1494 1114 ἄλλαι
1553 1061 1863 1131 γυναῖκες
1926 1047 2122 1115 τέκνα
2194 1051 2281 1134 μὴ
2347 1052 2615 1133 ἔχουσαι
2690 1051 2881 1136 πρὸς
2954 1049 3156 1133 ὑμᾶς

533 1149 1180 1233 καταφεύγουσαι
1227 1151 1668 1232 τίκτουσιν,
1716 1146 1843 1229 ἐγὼ
1892 1144 1966 1212 δὲ
2011 1152 2144 1212 κτλ.

718 1245 1141 1332 Septuaginta
1177 1245 1289 1309 illa
1326 1245 1649 1327 miracula,
1697 1267 1858 1328 quae
1895 1246 2086 1310 modo
2126 1246 2673 1330 perlustravimUS,
2711 1269 2749 1312 a
2789 1245 3151 1330 Sophronio

538 1345 874 1427 monach0,
922 1345 1032 1427 qui
1081 1344 1414 1409 oculorum
1469 1343 1695 1408 morbo
1757 1344 2021 1407 affectus
2079 1345 2158 1408 ad
2206 1343 2357 1428 Cyri
2413 1349 2477 1409 et
2520 1344 2784 1410 Ioannis
2838 1345 3153 1429 templum

538 1441 940 1527 confugerat,
996 1442 1268 1505 sanitate
1323 1446 1580 1526 recepta
1591 1440 1642 1528 1)
1699 1442 1871 1506 intra
1925 1441 2190 1506 alteram
2247 1443 2484 1507 saeculi
2541 1445 2798 1528 septimi
2855 1444 3153 1508 decadem

547 1545 698 1606 sunt
745 1540 1103 1625 composita
1118 1537 1189 1628 2),
1235 1541 1407 1604 haud
1451 1539 1644 1624 longe
1690 1539 1989 1603 videlicet
2035 1544 2182 1604 ante
2231 1563 2468 1604 annum
2516 1541 2672 1623 619,
2719 1563 2846 1623 quo
2893 1544 3157 1625 propter

535 1640 875 1704 Persarum
933 1639 1331 1703 invasionem
1378 1636 1777 1721 Sophronius
1835 1659 1980 1701 cum
2039 1636 2278 1702 Ioanne
2324 1637 2616 1703 Moschio
2674 1639 3155 1722 archiepiscopo

536 1738 802 1821 reliquit
848 1735 1235 1823 Aegyptum.
1318 1735 1676 1820 Dispositio
1726 1758 1948 1800 eorum
1996 1740 2093 1800 est
2128 1735 2577 1801 haec:1—35
2617 1738 2696 1802 ad
2732 1734 3158 1801 Alexandriae

537 1837 863 1920 pertinent
902 1835 1163 1918 incolae,
1210 1832 1474 1898 36-50
1521 1833 1601 1897 ad
1637 1831 1997 1919 Aegyptios
2036 1838 2101 1899 et
2137 1835 2391 1918 LibyeS‚
2440 1833 2705 1900 51—70
2742 1835 2822 1899 ad
2861 1839 3158 1899 externos

540 1930 930 2019 (extremum
976 1932 1358 1996 miraculum
1408 1931 1493 1995 70
1540 1931 1616 1995 de
1655 1932 1859 2016 ipsius
1899 1930 2244 2016 Sophronii
2283 1933 2610 1997 curatione
2645 1931 2890 2019 refert).
2971 1932 3158 1996 Prae-

547 2035 723 2095 terea
769 2032 939 2095 intra
975 2031 1256 2114 primum
1294 2034 1358 2093 et
1393 2029 1666 2094 alterum
1705 2031 1994 2094 ordinem
2032 2030 2340 2095 miracula
2375 2032 2467 2095 sic
2504 2032 2672 2096 inter
2711 2054 2779 2096 se
2817 2032 3161 2115 excipiunt,

546 2133 619 2193 ut
665 2130 945 2194 iucunda
990 2127 1496 2212 complectantur
1541 2129 1885 2192 iniucunda
1896 2125 1966 2215 ³).

719 2225 893 2303 Quae
954 2226 1261 2290 miracula
1320 2248 1446 2309 qua
1502 2227 1750 2291 ratione
1799 2227 1929 2289 sint
1975 2228 2348 2310 composita,
2396 2249 2784 2311 quamquam
2832 2251 2899 2293 se
2948 2230 3159 2311 ipsum

540 2325 823 2389 adfuisse
871 2323 1273 2408 Sophronius
1322 2324 1425 2407 31,
1454 2323 1631 2388 3524
1652 2322 1700 2387 G
1758 2321 2160 2410 asseverat4)‚
2209 2326 2449 2409 optime
2489 2326 2674 2390 docet
2712 2327 3160 2412 dignissimum

543 2424 703 2488 illud
751 2423 923 2506 quod
970 2426 1503 2498 commemoretur
1547 2421 1928 2487 miraculum
1973 2423 2370 2487 tricesimum
2419 2425 2741 2508 quintum,
2789 2447 2915 2508 quo
2954 2425 3162 2508 prima

541 2522 930 2592 terminatur
976 2522 1187 2585 series
1279 2519 1518 2607 Agitur
1571 2523 1639 2585 in
1691 2520 1816 2586 hoc
1871 2520 2179 2586 miraculo
2236 2520 2313 2585 de
2369 2521 2686 2586 defixione
2741 2524 3015 2608 magica:
3062 2521 3163 2587 vir

544 2620 804 2705 quidam
865 2620 1125 2685 nomine
1185 2618 1583 2704 Theophilus
1638 2618 1935 2684 manibus
1990 2618 2387 2703 pedibusque
2450 2624 2673 2704 captus
2738 2621 2817 2689 ad
2883 2619 3034 2705 Cyri
3099 2624 3162 2686 et

540 2717 799 2784 Ioannis
846 2719 1137 2803 pervenit
1194 2740 1461 2783 sacrum.
1552 2716 1886 2803 Apparent
1942 2719 2001 2782 ei
2054 2723 2370 2802 martyres
2423 2742 2539 2803 per
2594 2720 2916 2784 somnium
2971 2724 3161 2803 atque

545 2817 965 2902 praecipiunt,
1012 2818 1085 2880 ut
1128 2817 1337 2901 primo
1386 2816 1667 2881 diluculo
1716 2817 1796 2881 ad
1843 2839 2016 2881 mare
2065 2837 2359 2902 egressus
2405 2839 2552 2881 cum
2590 2818 2924 2901 piscatore,
2972 2840 3162 2901 quem

549 2917 618 2980 in
661 2915 851 2979 litore
889 2917 1265 2980 inventurus
1305 2919 1486 2998 esset,
1532 2916 1813 2998 pretium
1849 2916 2293 2998 pacisceretur,
2341 2937 2467 2998 quo
2515 2914 2625 2980 ille
2670 2919 2805 2979 rete
2852 2939 2969 2999 pro
3018 2917 3159 3000 ipso

547 3037 746 3096 aquae
768 3015 1160 3077 immitteret.
1200 3012 1385 3090 Quod
1408 3017 1738 3097 caperetur
1762 3013 2103 3076 sanitatem
2132 3012 2256 3096 ipsi
2284 3013 2744 3096 praebiturum.
2782 3015 3160 3079 Mandatum

545 3112 799 3196 perficit
845 3114 1161 3196 aegrotus,
1253 3110 1527 3174 Fiscella
1563 3114 1778 3174 autem
1817 3133 1855 3174 a
1889 3110 2206 3193 piscatore
2243 3115 2567 3195 protracta
2604 3112 2771 3176 inter
2808 3117 3159 3196 emptorem

546 3213 608 3272 et
655 3209 1053 3273 venditorem
1101 3210 1306 3273 oritur
1350 3208 1458 3273 lis:
1505 3231 1712 3291 neque
1760 3209 1932 3272 enim
1978 3207 2286 3273 fiscellam
2331 3210 2616 3294 piscator
2662 3209 2773 3274 sed
2810 3211 3053 3294 piscem
3092 3233 3160 3274 se

543 3306 906 3371 vendidisse
954 3306 1108 3370 dicit
1151 3328 1358 3388 neque
1404 3329 1555 3371 vero
1605 3310 1903 3392 aegrotus
1953 3307 2030 3370 de
2069 3327 2184 3371 suo
2222 3306 2363 3371 vult
2399 3307 2700 3373 decedere
2737 3308 2891 3372 iure.
2968 3306 3160 3373 Oeco-

543 3427 737 3470 nomo
803 3405 1075 3486 denique
1138 3404 1380 3468 arbitro
1445 3407 1740 3487 utuntur,
1807 3405 1917 3486 qui
1984 3405 2271 3468 omnium
2344 3405 2625 3488 primum
2691 3406 2922 3489 aperiri
2983 3406 3163 3470 iubet

544 3501 867 3567 fiscellam.
956 3501 1291 3567 Invenitur
1334 3503 1544 3588 figura
1588 3525 1783 3567 aenea
1831 3504 2134 3584 quattuor
2181 3501 2377 3567 clavis
2422 3525 2538 3586 per
2581 3504 2771 3587 pedes
2808 3525 3161 3586 manusque

546 3602 881 3686 transfixa3
929 3601 1163 3683 quibus
1220 3602 1521 3665 extractis
1583 3600 1830 3685 aegroti
1887 3600 2173 3664 membra
2229 3600 2582 3665 solvuntur.
2631 3639 2712 3647 ——
2763 3600 3160 3678 Quibuscum

551 3700 841 3765 conferas
889 3721 1050 3782 quae
1097 3700 1267 3783 apud
1315 3697 1694 3763 Suetonium
1739 3699 2045 3782 leguntur
2088 3698 2166 3762 de
2213 3698 2369 3763 viris
2426 3698 2786 3763 illustribus
2842 3725 2903 3785 p.
2947 3701 3090 3782 122,
3121 3702 3159 3764 8

547 3794 816 3885 Reiff.⁵):
872 3803 1127 3877 „veteres
1183 3799 1623 3863 controversiae
1677 3802 1789 3862 aut
1850 3818 1924 3861 ex
1978 3797 2255 3861 historiis
2311 3797 2736 3882 trahebantwr‚
2800 3799 2961 3864 siout
3010 3820 3162 3864 sane

729 4047 780 4113 1)
820 4042 960 4100 ὅθεν
999 4045 1172 4107 εὐθὺς
1206 4043 1341 4114 μετὰ
1380 4043 1482 4113 τὴν
1529 4042 1680 4097 ἴασιν
1726 4035 1889 4096 τοῦτο
1928 4052 2170 4097 ποιεῖται
2218 4047 2312 4115 (sc.
2354 4042 2718 4113 Sophronias)
2765 4044 2828 4097 τὸ
2874 4044 3161 4113 σύνταγμα

551 4130 634 4192 70,
667 4129 803 4177 3673
822 4124 879 4178 G.

729 4204 781 4271 2)
822 4204 889 4257 cf.
922 4202 1067 4273 Spic.
1097 4204 1254 4259 Rom.
1284 4204 1361 4257 III
1389 4223 1442 4273 p.
1477 4209 1645 4272 12⁹,1
1680 4232 1746 4250 =
1776 4204 1967 4273 Migne
2004 4223 2056 4274 p.
2090 4210 2247 4272 3438,
2280 4210 2361 4258 18.

729 4284 781 4352 3)
819 4292 936 4345 τοῖς
970 4285 1346 4355 προλαβοῦσιν
1381 4281 1539 4353 ἡδέσι
1578 4283 1648 4338 τὰ
1684 4284 1940 4353 παρόντα
1979 4283 2213 4355 ὃηκτικὰ
2260 4283 2508 4355 (δεκτικὰ
2553 4284 2772 4354 Migne,
2820 4285 3157 4340 ‘mordacia’

554 4365 614 4417 in
652 4362 941 4417 Anastasii
987 4363 1472 4433 interpretatione)
1521 4363 1999 4433 προσποιήσαντες
2045 4362 2251 4432 ἑτέροις
2285 4373 2463 4419 ταῦτα
2500 4373 2760 4433 τερπνοῖς
2797 4366 3162 4435 συγκαλύψαι-

552 4463 652 4513 μεν
690 4450 777 4511 32,
808 4444 1051 4515 3529s32.
1109 4442 1287 4514 ἀρχὴν
1324 4445 1421 4498 καὶ
1456 4442 1609 4509 τέλος
1638 4443 1800 4515 ἐχέτω
1832 4444 2240 4513 φιλάνθρωπον
2279 4450 2364 4515 50,
2394 4451 2532 4499 3608
2546 4445 2601 4499 C.
2659 4444 2710 4497 A
2736 4444 3069 4499 mulieribus
3099 4446 3160 4499 in

551 4524 730 4593 primo
769 4523 963 4578 ordine
999 4523 1087 4576 bis
1124 4522 1408 4593 incipitur,
1446 4525 1514 4580 cf.
1549 4531 1633 4591 33,
1664 4531 1801 4579 3532
1822 4526 1889 4579 A.
1947 4524 2088 4597 Bsc.

730 4606 785 4674 4)
823 4604 981 4673 ἡμεῖς
1016 4602 1079 4658 δὲ
1116 4611 1222 4660 νῦν
1259 4605 1332 4668 ὡς
1365 4603 1488 4659 τότε
1526 4605 1800 4674 παρόντες
1836 4608 1931 4660 καὶ
1968 4606 2032 4659 τὸ
2068 4609 2267 4675 θαῦμα
2303 4608 2581 4676 θεώμενοι
2618 4608 2726 4659 κτλ.

733 4685 784 4753 5)
824 4685 1031 4739 Locum
1067 4683 1207 4739 mihi
1242 4683 1516 4739 indicavit
1550 4686 1845 4741 UseneruS.

3574 519 3575 526 ⁴
3574 399 3575 414 μ
3574 349 3575 352 Α
3568 0 3576 316 -Ί--μᾼᾼ
