3611 5264
1377 363 1460 417 De
1497 361 1863 417 incubatione
1900 360 2225 416 christiana.
2752 441 2757 446 ι
2930 362 3057 428 105

441 533 655 594 mente
702 527 999 594 custodes
1047 550 1196 593 suos
1244 526 1722 610 adloqueretur,
1769 524 2028 591 vinculo
2075 526 2384 591 liberatus
2429 530 2787 608 κατεκλίθη
2835 527 3060 612 πράως

440 626 549 694 καὶ
594 627 1064 693 κατεπαύσατο.
1111 623 1288 712 περὶ
1336 621 1419 690 δὲ
1465 623 1703 710 μέσας
1756 626 2048 703 νύκτας
2102 628 2285 704 ὄψις
2339 626 2546 713 αὐτῷ
2604 626 3058 689 διαδείκνυ-

440 749 563 790 ται
622 723 848 791 τοιάδε
912 723 1349 808 ἀγγέλλουσα’
1408 724 1576 809 πρὸς
1635 725 1754 789 τὸν
1813 723 2165 808 εὐκτήριον
2223 719 2413 789 οἷκον
2464 731 2582 806 τῆς
2644 725 3059 809 Θεομήτορος

441 825 602 907 ἵεσο,
649 824 829 899 ὅστις
880 831 997 905 τῆς
1046 821 1305 899 Ἐλαίας
1358 823 1943 907 προσονομάζεται·
2000 822 2242 887 αὐτόθι
2298 822 2456 907 γάρ,
2513 824 2752 905 φησίν,
2810 822 3058 907 ίαθήσῃ

440 931 560 987 τοῦ
605 921 967 1006 πτώματος.
1007 921 1097 997 ὡς
1142 917 1217 985 δὲ
1252 916 1462 1006 ἡμέρα
1500 918 1758 1003 ἐγένετο
1795 917 1907 984 καὶ
1955 920 2097 1004 τὴν
2141 922 2497 1006 θεωρίαν
2542 921 2753 984 εἰπεῖν
2787 917 3059 983 ἀπετόλ-

440 1037 679 1104 μησεν,
736 1019 867 1084 ὑπὸ
923 1029 1059 1084 τῶν
1113 1018 1547 1083 ἀκουσάντων
1600 1019 1777 1102 ἤχθη
1830 1021 1965 1082 κτλ.
2056 1015 2134 1081 In
2188 1017 2503 1102 Deiparae
2559 1016 2762 1102 igitur
2816 1015 3059 1099 templo

440 1117 739 1181 Florinus
769 1121 1054 1182 sanatur:
1085 1114 1229 1204 (19)
1259 1114 1371 1181 καὶ
1400 1116 1613 1193 οὕτως
1648 1113 1903 1181 τέλειον
1939 1115 2364 1201 ἐθεραπεύθη
2401 1123 2522 1181 τοῦ
2559 1116 2823 1190 πάθους
2851 1112 2887 1178 ὁ
2916 1115 3059 1178 δαι-

442 1225 670 1300 μονῶν
716 1216 879 1291 δοὺς
925 1213 1130 1293 δόξαν
1175 1224 1265 1301 τῷ
1317 1214 1452 1278 διὰ
1497 1223 1635 1279 τοῦ
1682 1213 1915 1296 ἁγίου
1952 1215 2075 1297 τὴν
2111 1219 2292 1278 ἴασιν
2332 1212 2776 1299 ἐνεργήσαντι.
2832 1214 3061 1297 μείνας

441 1309 515 1377 δὲ
560 1315 871 1390 πλείστας
916 1313 1077 1389 ὅσας
1122 1311 1366 1399 ἡμέρας
1409 1309 1522 1376 καὶ
1577 1319 1692 1395 τῆς
1744 1313 2105 1397 θεραπείας
2156 1311 2232 1375 τὸ
2288 1309 2564 1394 βέβαιον
2624 1310 2800 1387 ὄψει
2854 1330 3061 1394 παρα-

440 1409 667 1495 λαβὼν
710 1413 964 1497 χαίρων
1008 1411 1177 1496 πρὸς
1222 1412 1379 1490 τοὺς
1426 1411 1641 1486 ἰδίους
1689 1408 2025 1475 ἐστέλλετο
2072 1414 2206 1473 κτλ.
2296 1407 2423 1473 Per
2470 1411 2781 1492 sanctum,
2827 1407 3062 1472 Thera-

441 1514 703 1593 pontem
750 1508 1011 1593 scilicet,
1057 1508 1234 1572 Deus
1283 1506 1519 1572 dicitur
1566 1507 1848 1572 effecisse
1894 1507 2309 1591 curationem,
2356 1506 2573 1590 itaque
2621 1508 2877 1570 sanctus
2923 1504 3061 1588 ipse

440 1629 555 1691 per
601 1629 897 1671 somnum
954 1605 1255 1691 apparuit
1309 1605 1411 1670 vel
1466 1604 1778 1670 visionem
1835 1604 2014 1670 illam
2069 1605 2275 1688 misit,
2336 1604 2404 1668 in
2459 1625 2574 1668 suo
2631 1602 2836 1687 ipsius
2891 1603 3060 1667 vide—

439 1704 591 1769 licet
636 1726 832 1769 sacro,
925 1703 1072 1769 Huc
1117 1725 1410 1768 reversus
1454 1703 1753 1769 Florinus
1800 1708 2046 1768 ceteros
2105 1703 2240 1768 dies
2287 1702 2602 1787 transegit
2648 1706 2841 1786 atque
2888 1723 3064 1766 cura-

441 1803 682 1866 tionem
728 1803 1078 1887 perfectam
1127 1824 1263 1866 esse
1312 1801 1545 1866 iterum
1591 1824 1706 1886 per
1752 1802 2075 1867 somnium
2123 1802 2384 1886 accepit.
2458 1800 2534 1865 Id
2572 1799 2744 1884 quod
2790 1823 2824 1864 e
2871 1800 3064 1864 mira-

440 1900 600 1964 culis
630 1901 839 1965 adhuc
866 1901 1079 1965 allatis
1108 1899 1554 1985 conclusimus,
1585 1923 1631 1965 s.
1652 1900 2129 1985 Therapontem
2160 1922 2416 1984 quoque
2443 1922 2559 1984 per
2586 1898 3062 1963 incubationem

440 1998 720 2082 aegrotis
768 1998 1083 2063 indicasse
1129 1997 1426 2084 remedia,
1474 1997 1618 2062 aliis
1666 1999 1950 2063 eiusdem
1999 1998 2275 2063 encomii
2330 1998 2490 2063 locis
2546 1997 2788 2082 optime
2838 1997 3065 2061 confir-

442 2100 676 2160 matur.
771 2095 977 2161 Senex
1025 2096 1284 2180 quidam
1332 2119 1370 2160 a
1416 2096 1751 2181 militibus,
1798 2119 2065 2181 operum
2113 2097 2545 2181 exactoribus,
2599 2095 2791 2160 fustis
2858 2117 3063 2179 usque

440 2195 522 2258 ad
582 2197 853 2258 mortem
911 2215 1131 2259 caesus
1188 2194 1418 2273 ὀψίας
1475 2196 1677 2279 οὔσης
1742 2195 1812 2260 in
1869 2195 2172 2280 martyris
2234 2217 2483 2260 sacrum
2540 2198 2852 2279 portatur.
2943 2194 3063 2258 De·

445 2292 789 2375 sperabant
837 2314 1057 2357 omnes
1106 2293 1217 2377 qui
1265 2292 1570 2358 videbant
1615 2292 1800 2357 illum
1848 2293 1951 2358 vel
1997 2295 2170 2378 quod
2215 2294 2458 2359 factum
2497 2297 2664 2357 esset
2700 2291 3063 2375 audiebant,

442 2388 585 2454 ἀλλ’
632 2391 667 2455 ὁ
717 2390 969 2476 μάρτυς
1015 2391 1222 2455 αὐτὸν
1281 2392 1415 2456 διὰ
1469 2401 1602 2474 τῆς
1655 2393 1945 2468 νυκτὸς
2002 2392 2427 2476 ἰασάμενος
2480 2389 2726 2477 ἡμέρας
2777 2390 3065 2473 ὑποφαι-

441 2489 690 2570 νούσης
736 2487 1065 2554 ἀπέλυσεν
1114 2486 1246 2574 (24,
1280 2489 1362 2552 12
1374 2487 1513 2575 sq.).
1605 2488 1898 2553 Marinus
1945 2489 2206 2572 quidam
2244 2492 2462 2553 mutus
2500 2492 2566 2553 et
2610 2491 2750 2552 toto
2798 2508 3065 2571 corpore

440 2589 665 2669 captus
722 2586 913 2651 κατὰ
968 2585 1053 2650 τὸ
1108 2586 1238 2652 ὑπὸ
1296 2595 1417 2652 τοῦ
1473 2585 1669 2670 ἁγίου
1727 2586 1810 2653 ἐν
1867 2586 2207 2674 ὀπτασίᾳ
2261 2583 2552 2672 λεχθὲν
2604 2587 2900 2671 ἠλείφθη
2969 2638 2981 2651 .
3050 2639 3061 2651 .

441 2693 534 2771 τῷ
590 2693 727 2748 τῶν
800 2683 1137 2760 λειψάνων
1209 2684 1718 2771 ἀπομυρίσματι.
1799 2684 1910 2751 καὶ
1984 2695 2180 2750 τοῦτο
2256 2684 2499 2751 παθὼν
2564 2686 2718 2761 ὅλος
2790 2682 3065 2767 γέγονεν

438 2783 634 2866 ὑγιὴς
679 2786 815 2846 κτλ.
867 2782 999 2869 (21,
1033 2782 1069 2845 7
1088 2779 1255 2869 sqq.)
1344 2781 1703 2846 Plurimum
1750 2805 1901 2848 vero
1951 2784 2135 2847 docet
2179 2782 2561 2846 miraculum
2609 2782 2781 2867 quod
2825 2781 3065 2867 legitur

438 2880 544 2965 20,
578 2880 796 2963 lsqq.:
846 2878 1142 2944 ἐνταῦθα
1184 2879 1515 2966 ὑδροπική
1552 2904 1652 2957 τις
1698 2880 2006 2946 έτέθειτο.
2052 2878 2162 2945 καὶ
2203 2878 2493 2946 ἰδοῦσα
2528 2882 2665 2945 τὸν
2710 2881 2941 2963 ἅγιον
2985 2889 3064 2965 τῇ

439 2980 637 3064 σμίλῃ
694 2979 809 3053 τὰς
845 2978 1073 3061 βάσεις
1128 2979 1332 3063 ἄκρας
1387 2976 1888 3063 ἀναστομοῦντα
1936 2979 2400 3061 διύπνησεν·
2446 2974 2541 3061 ἧν
2585 2978 2730 3065 γὰρ
2777 2978 3065 3042 καθεύ-

438 3078 716 3160 δουσα,
763 3076 925 3140 ὅταν
972 3074 1454 3161 ἐχειρουργήθη
1501 3077 1679 3162 παρὰ
1722 3085 1845 3141 τοῦ
1890 3077 2242 3164 μάρτυρος.
2300 3087 2440 3153 τοῖς
2487 3073 2562 3141 δὲ
2606 3075 2810 3143 ποσὶν
2854 3077 3066 3154 εὐθὺς

436 3175 623 3257 μετὰ
667 3175 810 3257 τὴν
857 3174 1343 3259 ἐγρήγορσιν
1390 3172 1791 3240 ἐπινεύσασα
1836 3174 2020 3258 ὕδωρ
2069 3173 2194 3262 ὁρᾷ
2231 3227 2244 3240 .
2283 3225 2297 3239 .
2337 3225 2352 3239 .
2390 3174 2722 3262 ἀπορρέον
2767 3185 2904 3241 τῶν
2949 3176 3066 3258 βά-

438 3289 626 3336 σεων.
721 3270 841 3335 Cui
888 3272 1044 3335 talia
1087 3271 1330 3356 legenti
1379 3270 1645 3336 Cosmae
1704 3277 1769 3337 et
1813 3273 2116 3337 Damiani
2179 3273 2280 3338 vel
2330 3272 2481 3357 Cyri
2543 3278 2607 3338 et
2651 3272 2912 3337 Ioannis
2960 3272 3062 3336 vel

440 3369 644 3453 ipsius
690 3367 1060 3453 Aesculapii
1107 3371 1468 3435 curationes
1515 3370 1586 3434 in
1631 3372 2008 3435 memoriam
2054 3393 2186 3435 non
2231 3373 2541 3437 venerint.

616 3465 1098 3532 Attendendum
1160 3468 1332 3553 apud
1395 3467 1871 3552 Therapontem
1941 3491 2196 3553 quoque
2265 3470 2391 3533 duo
2466 3469 2579 3533 illa
2651 3469 3059 3534 curationum

439 3586 675 3649 genera
721 3564 1048 3630 observari
1093 3588 1298 3650 posse,
1346 3565 1618 3630 alterum
1666 3587 1812 3631 cum
1860 3567 1998 3651 ipse
2045 3571 2302 3631 sanctus
2358 3589 2473 3651 per
2526 3570 2781 3631 noctem
2838 3566 3058 3631 statim

442 3669 626 3728 sanat
672 3668 1007 3749 aegrotum
1020 3662 1071 3749 1)
1120 3661 1229 3751 (cf.
1268 3668 1523 3747 praeter
1567 3664 1951 3729 miraculum
1996 3664 2188 3728 modo
2227 3664 2514 3750 allatum,
2559 3664 2673 3729 ubi
2711 3665 3061 3729 curationis

437 3762 710 3848 vestigia
776 3784 1000 3826 somno
1062 3763 1273 3826 soluto
1330 3766 1670 3848 apparent,
1738 3764 1839 3848 16,
1883 3762 1965 3825 13
1982 3784 2147 3848 sqq.3
2214 3762 2319 3846 20,
2352 3762 2434 3827 19
2451 3784 2621 3848 sqq.3
2684 3763 2789 3846 24,
2822 3763 2903 3826 12
2922 3760 3065 3849 sq.),

438 3859 712 3925 alterum
785 3882 930 3924 cum
1003 3860 1283 3925 remedia
1357 3864 1610 3925 tantum
1673 3882 1788 3944 per
1855 3860 2176 3924 somnium
2240 3883 2278 3924 a
2349 3864 2637 3945 martyre
2702 3860 3066 3925 indicantur

440 3955 574 4043 (12,
604 3958 825 4043 9sqq.3
891 3958 990 4043 16,
1020 3961 1088 4044 93
1149 3959 1253 4043 21,
1286 3956 1482 4045 7sq.).
1583 3957 1951 4022 Adhibetur
2010 3958 2225 4023 oleum
2291 3979 2541 4023 sacrum
2598 3954 2731 4044 (16,
2763 3956 2862 4044 9),
2921 3979 3066 4022 cera

439 4052 573 4140 (20,
606 4054 736 4141 19),
783 4061 1184 4141 unguentum
1241 4056 1413 4141 quod
1469 4079 1503 4120 e
1557 4056 1851 4140 reliquiis
1909 4056 2175 4140 profluit
2231 4056 2435 4121 sancti
2491 4053 2625 4141 (21,
2655 4056 2724 4141 83
2791 4055 2869 4119 cf.
2907 4059 2947 4137 ἓ
2976 4054 3063 4143 9).

436 4152 707 4217 Maximi
753 4157 851 4217 est
896 4154 1205 4219 momenti
1254 4154 1449 4219 etiam
1486 4154 1658 4238 apud
1696 4154 2171 4239 Therapontem
2218 4154 2287 4218 in
2332 4154 2474 4237 ipso
2521 4153 2658 4219 solo
2705 4158 3064 4237 prostratos

436 4250 635 4316 fuisse
682 4254 995 4336 aegrotoS,
1043 4252 1109 4315 id
1156 4252 1328 4335 quod
1372 4255 1694 4317 testantur
1738 4274 1903 4335 quae
1948 4251 2110 4338 legis
2161 4253 2262 4336 17,
2295 4252 2372 4315 11
2394 4274 2558 4336 sqq.:
2606 4251 2828 4315 Maria
2879 4273 3066 4335 quae—

437 4349 582 4413 dam
642 4370 869 4414 cancro
922 4348 1221 4415 laborans
1283 4351 1770 4437 τεσσαράκοντα
1827 4401 1840 4415 .
1898 4401 1911 4416 .
1976 4349 2219 4435 ἡμέρας
2285 4348 2358 4415 ἐν
2413 4353 2684 4437 νηστείᾳ
2759 4340 2869 4414 καὶ
2930 4373 3062 4433 χα-

615 4599 665 4666 1)
704 4597 772 4652 cf.
814 4601 899 4664 18,
930 4600 985 4651 1:
1034 4596 1219 4664 παρὸν
1268 4598 1397 4659 τοὺς
1452 4605 1575 4652 νῦν
1630 4593 2255 4665 κατακλινομένους
2298 4596 2653 4663 θεάσασθαι,
2720 4594 2817 4647 καὶ
2874 4589 3056 4662 μεθ’

437 4674 593 4745 ἡμέρ
606 4698 683 4740 ας
718 4677 774 4749 (i.
796 4694 845 4732 e.
866 4676 1051 4746 prima
1079 4676 1220 4745 luce,
1259 4678 1325 4732 cf.
1358 4683 1445 4745 20,
1473 4672 1563 4739 20)
1603 4676 1791 4732 ἐλθεῖν
1830 4677 1926 4731 καὶ
1964 4676 2110 4730 ἰδεῖν
2144 4676 2275 4739 τοὺς
2312 4675 2439 4745 ἄρτι
2475 4673 2793 4746 πάσχοντας
2840 4673 2924 4728 ἀν
2955 4691 3061 4741 ερ-

437 4754 777 4826 ρωμένους
813 4759 910 4812 καὶ
953 4758 1263 4826 σώφρονας.
