3611 5264
1300 324 1382 378 De
1419 323 1783 380 incubatione
1823 323 2147 378 christiana.
2938 325 3023 390 65

1492 531 1547 595 1.
1603 530 1953 595 Michael.

587 638 1076 704 lucubationem
1140 659 1457 723 paganam
1518 661 1556 701 a
1609 637 1924 701 Michaele
1994 638 2111 702 sub
2177 642 2354 703 veste
2418 638 2767 704 christiana
2822 641 3025 705 conti-

407 739 591 802 nuari
647 739 776 801 iam
832 760 870 800 a
934 736 1191 801 Rohdio
1248 733 1524 820 Psyche2
1568 733 1599 799 Ι
1645 759 1706 819 p.
1740 735 1865 801 187
1926 736 2319 801 adnotatum.
2412 736 2490 802 In
2544 736 2846 824 Aegypto
2894 740 3023 804 cul-

407 841 546 899 tum
604 834 972 920 archangeli
1032 834 1311 898 maxime
1369 834 1662 898 floruisse
1717 834 2005 898 invenias
2065 835 2235 919 apud
2294 833 2697 900 Luekenium
2747 836 3024 901 Michael

408 956 468 1016 p.
511 933 594 996 70
642 931 1028 1020 (Gottingen
1079 929 1297 1017 1898).
1370 930 1675 1017 Aegrotis
1714 933 1782 996 in
1820 931 2152 996 ecclesiam
2191 955 2374 997 suam
2411 933 2768 1017 deportatis
2815 935 3025 999 media

405 1035 594 1095 nocte
649 1031 1001 1126 apparebat
1057 1029 1507 1115 tangendoque
1563 1052 1672 1094 eos
1738 1029 2003 1094 curabat
2063 1029 2164 1119 (E.
2221 1029 2603 1095 Amelineau
2661 1031 2898 1097 Contes
2957 1036 3020 1097 et

409 1150 668 1192 romans
735 1129 813 1192 de
878 1123 1182 1213 l'Egypte
1239 1126 1610 1192 chretienne
1656 1126 1687 1192 Ι
1739 1128 1822 1191 73
1845 1149 1935 1211 sq.
1988 1128 2087 1192 78.
2187 1125 2311 1192 Les
2367 1128 2478 1192 dix
2533 1129 2892 1194 merveilles
2946 1131 3024 1194 de

406 1224 791 1312 l'Archange
853 1225 1093 1290 Michel
1139 1225 1199 1290 4.
1249 1227 1306 1289 6.
1363 1226 1441 1290 cf.
1487 1224 1752 1290 Lueken
1798 1226 1837 1290 l.
1888 1223 1982 1313 s.).
2074 1224 2211 1291 Alii
2276 1226 2417 1292 oleo
2475 1228 2889 1313 sanabantur,
2945 1229 3023 1292 de

412 1325 705 1409 lampade
768 1324 940 1408 quod
999 1327 1329 1407 sumptum
1391 1327 1529 1387 erat
1583 1345 1760 1388 sacra
1826 1327 1974 1390 ante
2029 1323 2364 1390 Michaelis
2421 1325 2705 1411 effigiem
2761 1327 3023 1392 ardente

408 1421 674 1509 (Contes
719 1447 780 1507 p.
814 1420 914 1486 75.
945 1421 1048 1486 80.
1122 1419 1244 1485 Les
1283 1421 1394 1485 dix
1431 1444 1625 1486 merv.
1664 1421 1722 1485 5.
1757 1421 1812 1485 7.
1851 1445 1908 1487 v.
1947 1422 2031 1486 ib.
2069 1445 2129 1505 p.
2167 1422 2335 1506 46s7.
2382 1423 2460 1486 cf.
2499 1422 2764 1488 Lueken
2798 1448 2858 1508 p.
2893 1423 3022 1511 71).

407 1519 548 1586 Nec
591 1518 725 1584 non
771 1521 840 1583 in
884 1519 1174 1605 Phrygia
1219 1519 1566 1603 colebatur,
1613 1519 1934 1602 imprimis
1984 1518 2265 1584 Colossis
2322 1525 2385 1584 et
2431 1520 2795 1606 Hierapoli,
2841 1523 3023 1586 cuius

408 1617 588 1681 urbis
661 1618 912 1682 nummi
986 1615 1443 1700 Aesculapium
1516 1617 1825 1681 exhibent
1899 1621 1963 1681 et
2035 1617 2357 1703 Hygieam
2424 1616 2731 1705 (Lueken.
2779 1643 2841 1703 p.
2892 1617 3022 1705 78).

405 1713 649 1780 Nostra
695 1719 902 1779 aetate
949 1713 1333 1779 Michaelem
1387 1719 1775 1779 venerantur
1828 1714 1999 1798 apud
2053 1719 2340 1779 montem
2398 1713 2574 1780 Sant'
2603 1715 2856 1802 Angelo
2906 1718 3023 1782 sub

411 1810 707 1898 Gargano
747 1814 816 1877 in
852 1834 1066 1896 specu,
1112 1812 1224 1875 ubi
1264 1813 1421 1877 olim
1458 1813 1731 1877 fortasse
1771 1811 2037 1876 Calchas
2076 1814 2332 1878 oracula
2368 1814 2718 1897 praebebat
2763 1814 3027 1903 (Lenor-

408 1914 606 1994 mant,
652 1913 690 1973 a
737 1914 982 1975 travers
1029 1908 1310 1994 l'Apulie
1357 1913 1420 1974 et
1466 1911 1530 1974 la
1588 1909 1869 1975 Lucanie
1924 1910 2107 1975 Paris
2159 1911 2329 1975 1883
2367 1910 2398 1976 Ι
2435 1936 2496 1996 p.
2528 1912 2630 1977 61.
2679 1913 2756 1976 cf.
2794 1912 3024 1978 Rohde

406 2007 686 2093 Psyche2
720 2007 753 2072 Ι
795 2009 918 2072 187
960 2005 1149 2095 adn).
1239 2008 1487 2072 Eodem
1534 2007 1676 2073 loco
1715 2009 1996 2073 Henrico
2032 2007 2098 2073 Π
2144 2010 2524 2093 imperatori
2561 2008 3024 2075 Germanorum

411 2128 559 2173 cum
598 2105 845 2192 angelis
884 2107 1017 2171 suis
1054 2108 1266 2171 visum
1305 2129 1443 2172 esse
1479 2106 1642 2192 legis
1681 2107 1749 2169 in
1785 2106 2072 2172 Monum.
2115 2106 2325 2173 Germ.
2357 2109 2651 2193 scriptor.
2679 2107 2775 2174 IV
2802 2133 2862 2193 p.
2895 2109 3023 2174 818
3128 2105 3130 2107 ’

409 2202 516 2290 (cf.
553 2204 818 2269 Lueken
854 2229 916 2289 p.
948 2202 1080 2292 99).

587 2301 1091 2367 Celeberrimum
1137 2307 1352 2367 autem
1400 2324 1676 2386 sacrum,
1736 2303 1850 2366 ubi
1896 2302 2174 2368 Michael
2218 2326 2335 2388 per
2389 2327 2687 2369 somnum
2744 2304 3020 2369 infirmis

408 2401 649 2464 mederi
697 2400 963 2484 solebat,
1010 2404 1146 2464 erat
1183 2398 1599 2465 Sosthenium
1644 2422 1848 2484 prope
1884 2401 2271 2484 Byzantium
2319 2402 2533 2466 situm.
2607 2401 3024 2466 Michaelium

410 2520 660 2563 sacrum
699 2499 861 2562 illud
899 2498 1362 2582 appellabatur,
1406 2501 1648 2563 καθότι
1693 2502 2120 2564 πεπίστευται
2159 2498 2405 2564 ἐνθάδε
2453 2499 3022 2584 ἐπιφαίνεσθαι

410 2597 683 2681 Μιχαὴλ
728 2597 848 2661 τὸν
893 2602 1088 2661 θεῖον
1135 2595 1544 2682 ἀρχάγγελον
1583 2646 1595 2660 .
1634 2646 1648 2659 .
1688 2646 1703 2661 .
1743 2598 1814 2663 oc
1852 2593 1975 2681 μὲν
2021 2598 2147 2684 γὰρ
2195 2600 2639 2684 περιπετείαις
2686 2600 2938 2675 δειναῖς
2983 2597 3023 2681 ἢ

410 2695 758 2769 κινδύνοις
805 2692 1150 2777 ἀφύκτοις,
1198 2695 1262 2758 οἱ
1309 2691 1383 2758 δὲ
1428 2697 1699 2771 νόσοις
1742 2694 1782 2777 ἢ
1830 2696 2175 2760 πάθεσιν
2222 2693 2589 2777 ἀγνώστοις
2637 2700 3024 2783 περιπεσόν-

409 2815 536 2875 τες,
584 2790 931 2875 εὐξάμενοι
979 2790 1276 2855 ἐνταῦθα
1322 2799 1412 2878 τῷ
1463 2795 1606 2879 Θεῷ
1662 2792 2119 2875 ἀπαλλαγὴν
2179 2793 2538 2878 εὑρήκασιν
2582 2804 2718 2858 τῶν
2765 2811 3024 2878 συμφο-

416 2901 555 2974 ρῶν
612 2887 1006 2954 Sozomenus
1051 2888 1219 2953 Hist.
1268 2888 1414 2953 eccl.
1452 2886 1517 2952 ΙΙ
1556 2890 1596 2953 3
1644 2887 1866 2973 Migne
1921 2892 1965 2952 t.
2022 2888 2105 2951 67
2174 2913 2237 2973 p.
2277 2889 2485 2955 9400.
2542 2891 2619 2955 cf.
2674 2890 3023 2975 Nicephor.

417 2985 660 3053 Callist.
697 2986 870 3052 Eccl.
909 2986 1058 3052 hist.
1097 2986 1223 3051 VII
1261 2985 1348 3051 50
1393 2986 1613 3072 Migne
1659 2990 1704 3049 t.
1749 2985 1874 3049 145
1921 3010 1981 3070 Ρ.
2025 2987 2194 3052 1329
2217 2985 2303 3052 A:
2357 2991 2673 3073 πεποίηκε
2730 2987 2805 3054 δὲ
2859 2990 3021 3055 αὐτὸ

415 3083 528 3171 (sc.
569 3085 850 3168 sacrum)
889 3084 1176 3169 μάλιστα
1213 3083 1703 3169 ἑκφανέστατον
1737 3095 1882 3159 ταῖς
1919 3084 2159 3149 ἑαυτοῦ
2207 3085 2712 3170 ἐπιφανείαις
2758 3088 2794 3153 ὁ
2842 3087 3025 3174 ἀρχι-

411 3185 794 3270 στράτηγος.
850 3181 1071 3259 οὐδεὶς
1130 3183 1255 3269 γὰρ
1311 3185 1692 3269 περιπετείᾳ
1750 3183 1936 3267 δεινῇ
1982 3181 2023 3265 ἢ
2070 3182 2344 3272 ἀφύκτῳ
2390 3185 2687 3273 κινδύνῳ
2733 3185 2773 3269 ἢ
2818 3187 3023 3251 πάθει

415 3280 733 3368 ἀγνώστῳ
804 3280 846 3364 ἢ
902 3279 1013 3345 καὶ
1073 3280 1372 3357 ἀνιάτοις
1435 3283 1662 3356 νόσοις
1724 3281 2101 3366 περιπεσὼν
2166 3280 2463 3347 ἐνταῦθα
2526 3282 2881 3368 εὐξάμενος
2933 3291 3024 3371 τςό

416 3382 559 3465 Θεῷ
616 3378 738 3443 οὐκ
800 3376 870 3442 ἐκ
924 3387 1044 3443 τοῦ
1106 3375 1351 3464 ῥᾴστου
1423 3380 1544 3462 τὴν
1601 3377 1992 3462 ἀπαλλαγὴν
2056 3378 2315 3466 εὕρατο.
2383 3380 2672 3467 ἀκριβῶς
2728 3379 2839 3446 καὶ
2896 3382 3022 3467 γὰρ

411 3478 840 3563 πεπίστευται
911 3474 1154 3540 ἐνθάδε
1215 3475 1782 3560 ἐπιφαίνεσθαι
1843 3478 2117 3560 Μιχαὴλ
2175 3477 2295 3540 τὸν
2353 3483 2550 3541 θεῖον
2610 3476 3023 3562 ἀρχάγγελον

408 3572 519 3637 καὶ
582 3572 902 3655 ἰάσιμον
955 3573 1074 3637 τὸν
1138 3583 1358 3658 χῶρον
1418 3584 1654 3639 ποιεῖν.
1721 3568 1802 3637 οὗ
1859 3574 2054 3658 χάριν
2128 3572 2238 3637 καὶ
2293 3576 2678 3657 Μιχαήλιον
2732 3574 2768 3639 ὁ
2823 3577 3023 3651 τόπος

410 3681 550 3746 τοῖς
596 3669 898 3756 ἀρχαίοις
944 3670 1306 3753 ὠνόμαστο.

590 3765 785 3854 Apud
833 3766 1261 3833 Sozomenum
1307 3769 1347 3832 l.
1387 3791 1434 3833 s.
1480 3769 1666 3834 nobis
1714 3772 1966 3833 servata
2019 3773 2119 3833 est
2163 3767 2460 3854 Aquilini
2505 3769 2836 3834 cuiusdam
2845 3821 2862 3854 ,
2910 3771 3022 3855 qui

411 3866 859 3949 eruptionibus
904 3865 1259 3951 laborabat,
1304 3867 1579 3931 curatio:
1629 3865 1783 3953 (941
1799 3864 1889 3954 A)
1935 3867 2169 3954 ἠπόρει
2215 3868 2381 3953 πρὸς
2417 3869 2491 3933 τὸ
2537 3869 2756 3944 πάθος
2800 3868 2841 3951 ἡ
2887 3880 3022 3933 τῶν

412 3966 657 4050 ἰατρῶν
683 3961 956 4051 τέχνη.1)
984 3962 1093 4029 καὶ
1116 3964 1245 4048 ἤδη
1278 3963 1613 4048 ἡμιθανὴς
1637 3962 1733 4030 ὢν
1763 3967 2288 4052 παρεκελεύσατο
2318 3976 2457 4041 τοῖς
2485 3967 2753 4042 οἰκείοις
2790 3964 3023 4052 φέρειν

412 4061 618 4126 αὐτὸν
664 4063 757 4137 εἰς
802 4062 922 4126 τὸν
967 4061 1317 4147 εὐκτήριον
1364 4056 1551 4126 οἶκον
1589 4062 2095 4148 ἰσχυρισάμενος
2142 4063 2182 4147 ἢ
2220 4064 2464 4128 αὐτόθι
2502 4062 3022 4148 ἀποθανεῖσθαι,

413 4158 454 4242 ἢ
501 4167 618 4241 τῆς
673 4161 882 4224 νόσου
936 4158 1539 4243 ἀπαλλαγήσεσθαι.
1597 4159 1877 4248 κειμένῳ
1944 4158 2019 4225 δὲ
2079 4161 2326 4226 ἐνθάδε
2378 4162 2686 4248 νύκτωρ
2745 4162 3020 4247 ἐπιφα-

410 4267 584 4321 νεῖσ
596 4280 636 4320 α
681 4258 838 4321 θεία
886 4257 1168 4341 δύναμις
1212 4255 1569 4343 προσέταξε
1605 4258 1685 4321 τὰ
1725 4256 2085 4342 ἐσθιόμενα
2120 4261 2362 4341 πόματι
2398 4259 2677 4341 βάπτειν
2721 4262 3021 4348 τοιούτῳ,

412 4354 448 4419 ὃ
479 4354 814 4419 σύνθετον
843 4353 913 4418 ἐκ
950 4354 1087 4438 μέλ
1102 4378 1264 4432 ιτος
1289 4354 1400 4437 καὶ
1441 4361 1669 4420 οἴνου
1705 4353 1816 4419 καὶ
1852 4354 2243 4442 πεπέρεως
2289 4357 2844 4442 ἀναμιγνυμένων
2889 4359 3020 4441 ἅμα

409 4453 532 4535 τὴν
566 4452 979 4534 κατασκευὴν
1007 4455 1156 4536 ἔχει.
1193 4452 1229 4518 ὃ
1260 4454 1341 4536 δὴ
1379 4462 1497 4537 τῆς
1541 4455 1750 4518 νόσου
1789 4452 2115 4560 ἀπήλλαξε
2151 4456 2270 4519 τὸν
2299 4457 2690 4541 ἄνθρωπον·
2728 4459 3020 4536 καίτοιγε

412 4703 435 4757 l
592 4629 644 4696 1)
680 4627 801 4681 Hoc
837 4626 1185 4682 multimodis
1222 4627 1503 4683 variatum
1540 4645 1720 4698 paene
1767 4628 2015 4682 omnium
2067 4630 2421 4686 curationum
2465 4628 2811 4684 mirabilium
2855 4626 3019 4680 initio

437 4705 528 4776 egi
564 4709 770 4776 potest.

516 4805 804 4860 Deubner,
832 4807 888 4847 de
916 4806 1225 4848 incubatione.
2560 4804 2591 4851 5
