3611 5264
1438 323 1522 378 De
1559 324 1789 379 somniis
1827 324 2045 379 divinis.
3017 327 3057 390 3

447 508 578 569 que
631 492 1007 569 tempestates
1068 508 1278 553 rerum
1342 487 1434 552 vel
1489 487 1729 552 laetas
1780 488 2134 553 invadere
2191 494 2259 552 et
2299 489 2624 570 pondere
2676 508 2805 553 suo
2848 509 3060 570 pres-

446 585 559 648 vel
604 585 1090 649 turbulentas.
1161 587 1243 649 in
1296 586 1426 649 hoc
1465 606 1729 668 yenere
1781 605 1900 649 sos
1944 606 2028 649 ac
2070 587 2472 649 sentientes
2512 588 2884 668 yravare.“

447 688 556 746 est
639 681 1047 766 ἐπιάλτης,
1141 703 1345 764 quem
1415 683 1728 764 publica

434 781 840 862 persuasio
875 777 1729 866 quiescentesjopinatur

445 878 804 941 invadere
857 883 924 942 et
964 878 1292 959 pondere
1343 896 1471 941 suo
1516 896 1726 959 pres-

445 995 562 1041 sos
607 996 691 1041 ac
734 975 1137 1041 sentientes
1175 973 1551 1057 yravare.“

540 1170 598 1233 8.
645 1175 746 1248 „et
814 1175 924 1235 est
997 1169 1390 1235 oraculum
1465 1169 1729 1252 quidem
1873 1169 2292 1252 „oraculum
2347 1175 2478 1254 est,
2548 1190 2704 1235 cum
2757 1171 2839 1234 in
2882 1190 3067 1235 som-

446 1288 605 1332 cum
646 1269 727 1332 in
772 1267 1055 1332 somnis
1095 1287 1378 1350 parens
1429 1266 1542 1331 vel
1596 1266 1732 1330 alia
1784 1267 1906 1329 nis
1929 1286 2207 1348 parens
2233 1267 2344 1331 vel
2370 1267 2588 1349 aliqua
2615 1272 2876 1332 sancta
2897 1288 3067 1350 yra-

447 1370 717 1429 sancta
782 1366 1133 1448 yravisve
1198 1384 1527 1448 persona
1606 1384 1731 1430 seu
1785 1364 2042 1446 visque
2091 1385 2446 1449 persona,
2508 1384 2634 1429 seu
2697 1367 3071 1450 sacerdos,

448 1463 798 1527 sacerdos
843 1463 953 1527 vel
997 1465 1221 1527 etiam
1258 1463 1438 1527 deus
1482 1467 1732 1544 aperte
1785 1462 1897 1525 vel
1941 1463 2168 1526 etiam
2213 1461 2416 1527 Deus
2462 1468 2890 1529 eventurum
2926 1462 3067 1526 ali-

448 1565 877 1625 eventurum
922 1561 1103 1642 quid
1151 1565 1282 1625 aut
1334 1581 1478 1625 non
1523 1580 1730 1624 even·
1785 1559 1972 1642 quid
1994 1565 2250 1642 aperte
2285 1561 2397 1624 vel
2431 1581 2576 1625 non
2613 1566 3069 1643 eventurum,

451 1663 723 1742 turum,
776 1659 1208 1740 faciendum
1252 1658 1732 1722 vitandumve
1781 1658 2212 1739 faciendum
2258 1658 2369 1722 vel
2422 1658 2904 1722 devitandum
2949 1658 3071 1721 de-

449 1755 903 1819 denuntiat.“
1785 1755 2152 1819 nuntiat.“

537 1951 595 2014 9.
640 1951 882 2034 „visio
949 1956 1061 2015 est
1133 1955 1367 2034 autem,
1431 1970 1588 2015 cum
1655 1950 1735 2013 id
1875 1950 2098 2028 „visio
2136 1955 2269 2034 est,
2306 1971 2463 2015 cum
2507 1950 2587 2014 id
2639 1951 2810 2031 quis
2844 1950 3069 2035 videt,

448 2049 621 2130 quis
679 2049 902 2132 videt,
956 2050 1147 2129 quod
1206 2048 1445 2113 eodem
1498 2048 1730 2132 modo,
1785 2049 1978 2129 quod
2036 2050 2279 2114 eodem
2340 2049 2569 2126 modo,
2634 2069 2770 2129 quo
2833 2068 3070 2129 appa-

448 2165 587 2226 quo
632 2150 1119 2227 apparuerat,
1165 2144 1497 2210 eveniet.“
1784 2151 2067 2230 ruerat,
2114 2143 2450 2212 eveniet.“

542 2339 642 2404 10.
696 2341 1097 2424 „somnium
1151 2341 1411 2422 proprie
1462 2345 1729 2419 vocatur,
1873 2342 2276 2425 „somnium
2319 2346 2410 2405 est
2447 2342 2737 2423 fiyuris
2774 2345 3070 2425 tectum,

447 2438 612 2518 quod
668 2438 850 2519 teyit
905 2439 1195 2520 fiyuris
1252 2442 1312 2502 et
1374 2437 1536 2502 velat
1599 2459 1728 2502 am·
1785 2445 1844 2503 et
1910 2440 2070 2504 sine
2152 2440 2771 2520 interpretatione
2845 2439 3069 2502 intel-

448 2535 704 2616 bayibus
730 2555 879 2599 non
914 2535 1070 2599 nisi
1105 2536 1732 2618 interpretatione
1786 2537 1928 2620 liyi
1971 2558 2117 2601 non
2150 2536 2449 2619 potest.“

446 2632 1027 2715 intelliyendam
1070 2635 1584 2716 siqnifiicationem
1620 2636 1730 2719 rei,

450 2751 608 2812 quae
650 2730 1138 2796 demonstratun‘
1183 2753 1234 2794 e.
1273 2753 1331 2815 q.
1370 2753 1418 2794 s,

452 2907 614 2971 Cum
650 2906 1296 2993 Pseudo-Augustino
1336 2907 1536 2972 insint
1583 2930 1744 2993 quae
1800 2909 2033 2973 desunt
2076 2908 2427 2992 MacrobiO,
2484 2929 2887 2972 communem
2942 2913 3066 2972 sta-

449 3009 627 3068 tuere
674 3004 977 3069 debemus
1042 3005 1289 3069 fontem
1354 3027 1560 3090 neque
1605 3010 1822 3071 tamen
1878 3005 2176 3091 eundem,
2233 3005 2310 3069 de
2375 3027 2501 3089 quo
2559 3006 2820 3070 fluxerit
2881 3005 3068 3073 Nice-

449 3102 691 3185 phorus
740 3100 1074 3188 Gregoras.

632 3200 929 3285 Quinque
975 3198 1088 3263 illa
1133 3201 1531 3266 somniorum
1578 3223 1811 3288 genera
1856 3224 2080 3266 rursus
2127 3203 2380 3266 exstant
2426 3199 2494 3263 in
2541 3199 2801 3266 Ioannis
2853 3200 3067 3266 Sares-

448 3297 759 3363 beriensis
815 3296 1002 3384 (saec.
1050 3296 1204 3385 XII)
1262 3296 1666 3383 Polycratico
1723 3298 1788 3363 H
1845 3298 1927 3362 15
1979 3302 2023 3362 t.
2057 3299 2182 3363 199
2229 3322 2289 3382 p.
2319 3295 2523 3361 429A
2576 3296 2822 3383 Migne:
2885 3304 3070 3383 „sunt

449 3401 652 3460 autem
688 3396 918 3461 multae
951 3396 1178 3478 species
1210 3397 1594 3462 somniorum
1630 3403 1689 3462 et
1721 3397 2091 3480 multiplices
2126 3416 2349 3461 causae
2377 3401 2436 3461 et
2476 3396 2694 3461 variae
2727 3398 2967 3479 fiiyurae
3010 3403 3066 3461 et

447 3494 946 3576 siqnificationes.
1045 3498 1161 3557 aut
1225 3495 1394 3559 enim
1468 3495 1878 3579 insomnium,
1938 3500 2052 3559 aut
2099 3495 2512 3577 phantasma,
2569 3497 2683 3556 aut
2735 3495 3064 3579 somnium,

449 3595 561 3654 aut
602 3590 937 3675 oraculum,
982 3595 1096 3655 aut
1136 3591 1294 3656 visio
1340 3590 1480 3656 est.“
1568 3590 1701 3656 Ubi
1746 3596 1965 3656 tamen
2011 3591 2079 3654 in
2117 3590 2391 3675 singulis
2436 3589 2653 3652 nullus
2700 3611 3063 3655 consensus,

448 3675 742 3772 Denique
788 3687 1101 3753 adicimus
1147 3688 1464 3752 librorum
1504 3687 1950 3753 Carolinorum
1987 3688 2201 3752 locum
2239 3685 2362 3774 (III
2400 3687 2484 3751 26
2524 3690 2568 3750 t.
2599 3685 2683 3750 98
2731 3709 2791 3769 p.
2825 3687 3063 3752 1173ss

452 3783 720 3871 Migne),
768 3808 896 3870 quo
934 3785 1016 3850 ad
1052 3785 1367 3850 Macrobii
1405 3786 1935 3851 commentarium
1984 3789 2338 3870 spectatur:
2386 3785 2520 3869 „hic
2554 3784 3063 3866 interponendum

449 3883 521 3946 de
564 3883 833 3965 quinque
870 3884 1195 3967 yeneribus
1238 3884 1547 3949 visionum
1592 3884 1810 3949 iuxta
1859 3885 2347 3950 Theodosium
2391 3881 2922 3947 Macrobium.“

629 3979 941 4045 Videmus
1007 3981 1211 4066 igitur
1275 3980 1789 4065 dispertitionem
1858 3980 2036 4047 illam
2101 3980 2498 4046 somniorum
2553 3979 2750 4044 fuisse
2804 3981 3063 4045 notissi-

450 4098 621 4139 mam
643 4075 693 4165 l)
708 4103 725 4163 3
753 4078 1163 4143 consentiunt
1177 4077 1644 4164 ArtemidoruS,
1659 4079 2046 4163 Macrobius,
2059 4075 2762 4162 Pseudo-Augustinus,
2790 4076 3061 4142 Ioannes

630 4307 682 4375 1)
720 4306 828 4360 Sex
873 4305 1212 4362 somniorum
1268 4321 1476 4375 genera
1531 4305 1751 4359 omissis
1810 4309 2014 4370 tamen,
2046 4303 2302 4359 terminis
2346 4304 2622 4359 technicis
2668 4303 3061 4359 discernuntur

451 4401 486 4437 a
523 4384 792 4455 Gregorio
821 4385 1031 4456 Magno
1059 4386 1120 4440 in
1158 4385 1290 4441 dial.
1311 4385 1389 4439 IV
1416 4391 1485 4439 48
1514 4388 1553 4440 t.
1579 4390 1644 4438 77
1672 4404 1725 4455 p.
1743 4385 1905 4439 409ss
1933 4384 2141 4455 Migne.
2202 4383 2356 4449 Quae
2394 4384 2624 4452 quidem
2659 4389 3061 4455 „qenerantwr“

452 4466 505 4534 1)
541 4463 751 4518 ventris
788 4464 1140 4533 plenitudine
1199 4467 1254 4534 2)
1293 4463 1413 4519 eius
1450 4464 1731 4519 inanitate
1781 4467 1835 4534 3)
1872 4463 2135 4519 illusione
2184 4466 2239 4534 4)
2285 4463 2632 4534 cogitatione
2681 4465 2748 4517 et
2794 4463 3058 4517 illusione

451 4545 505 4612 5)
541 4543 885 4598 revelatione
923 4548 977 4614 6)
1018 4543 1361 4614 cogitatione
1391 4547 1458 4598 et
1493 4544 1853 4599 revelatione.
1928 4545 2085 4598 Idem
2121 4544 2182 4597 in
2233 4543 2460 4613 Gregor.
2499 4542 2696 4597 Moral.
2726 4542 2856 4595 VIII
2883 4548 2968 4609 24,
2988 4548 3057 4594 42

449 4625 489 4678 t.
523 4628 589 4677 ⁷5
615 4642 669 4693 p.
701 4625 866 4677 827A
901 4623 1093 4694 Migne
1128 4641 1232 4678 nec
1267 4641 1381 4678 non
1418 4627 1706 4693 receptum
1741 4623 1802 4676 in
1829 4623 2030 4677 Isidori
2066 4623 2418 4693 Hispalensis
2448 4621 2768 4678 Sententiae
2795 4620 2874 4673 IV
2904 4626 2969 4673 13
2998 4618 3058 4672 in

448 4703 707 4772 Append.
738 4703 815 4756 IX
842 4705 883 4759 t.
913 4709 981 4757 83
1016 4721 1070 4772 p.
1104 4704 1302 4757 1163A
1336 4703 1556 4773 Migne3
1596 4703 1664 4758 cf.
1697 4703 1850 4757 Sent.
1880 4703 1957 4756 ΠΙ
1985 4709 2035 4772 6,
2056 4710 2103 4758 6.
2129 4709 2158 4757 7
2186 4706 2227 4757 t.
2259 4709 2327 4757 83
2364 4721 2417 4772 p.
2448 4702 2613 4758 669A
2639 4699 2846 4768 Migne.
2891 4723 2908 4742 -·

2562 4791 2630 4844 1*
