3611 5264
1361 336 1445 389 De
1481 334 1845 390 incubatione
1884 334 2204 390 christiana.
2967 338 3088 401 101

474 500 772 567 Theclae:
821 500 1188 585 ἐπιτειχίζει
1233 497 1308 565 δὲ
1355 498 1596 583 ἑαυτὴν
1649 508 1741 586 τῷ
1798 502 2067 584 δαίμονι
2122 506 2213 586 τῷ
2271 502 2696 587 Σαρπηδόνι,
2752 508 2843 587 τῷ
2899 525 3091 566 κατα-

472 603 744 684 λαβόντι
789 596 915 684 μὲν
958 600 1081 682 τὴν
1127 596 1232 663 ἐπὶ
1278 607 1393 682 τῆς
1437 599 1771 681 θαλάττης
1816 598 2053 682 χηλὴν,
2099 600 2389 674 πολλοὺς
2446 595 2520 663 δὲ
2577 603 2915 664 πλανῶντι
2977 597 3091 664 καὶ

470 697 1045 781 ἄποβουκολοῦντι
1102 706 1218 779 τῆς
1279 700 1585 779 πίστεως,
1646 694 1729 760 δι’
1803 695 2060 761 ἀστάτου
2133 693 2201 782 (l.
2265 694 2545 782 ἀπάτης)
2609 700 2918 780 ποικίλης
2979 695 3090 762 καὶ

468 797 790 879 κιβδήλου
835 798 1339 881 χρησμολογίας.
1430 792 1728 858 Alterum
1771 793 1842 857 in
1878 793 2206 858 miraculis
2252 818 2312 878 p.
2357 794 2510 860 138:
2559 795 2692 878 ἅμα
2728 818 2798 859 τε
2843 797 3090 880 προσή-

469 900 670 959 λασεν
716 894 756 977 ἡ
817 890 1155 979 παρθένος
1209 902 1287 978 τῇ
1342 893 1525 979 χώρᾳ
1579 892 1786 977 ταύτῃ
1842 890 1951 956 καὶ
2007 892 2219 975 ἥψατο
2273 903 2407 957 τῶν
2462 892 2670 979 ὁρίων
2723 892 2926 975 αὐτῆς
2979 891 3088 958 καὶ

467 993 590 1075 τὴν
633 993 940 1077 κορυφὴν
976 991 1225 1074 ταύτην
1267 988 1583 1074 κατέλαβε
1621 987 2003 1055 συνέστειλέ
2033 1013 2102 1054 τε
2149 984 2352 1066 αὖθις
2396 988 2506 1055 καὶ
2546 994 2932 1073 κατεσίγασε
2975 988 3086 1056 καὶ

468 1087 659 1175 μέχρι
706 1098 826 1154 τοῦ
864 1098 994 1154 νῦν
1037 1088 1474 1172 ἀφωνότατον
1520 1087 1790 1153 ἐκάθισε
1836 1088 1957 1152 τὸν
2000 1090 2565 1171 πολυφωνότατον
2609 1091 3085 1174 χρησμολόγον.

466 1185 603 1250 Iam
648 1186 827 1251 vides
868 1185 1247 1252 daemonum
1285 1207 1594 1272 pugnam:
1641 1185 1831 1249 facile
1867 1185 2069 1250 vincit
2106 1190 2354 1270 martyr
2391 1185 2758 1251 christiana.
2833 1185 3087 1263 Quanta

466 1308 611 1349 cum
657 1283 827 1349 Iside
874 1283 1203 1348 Menuthis
1249 1283 1392 1348 vico
1442 1284 1706 1368 depulsa
1752 1283 2140 1348 similitudo!

647 1390 975 1475 Sarpedon
1032 1395 1131 1455 est
1186 1391 1341 1455 deus
1398 1390 1770 1457 chthonius:
1828 1391 1966 1475 ipse
2022 1389 2179 1455 olim
2238 1390 2434 1454 homo
2496 1388 2753 1478 natus¹)
2809 1394 3083 1455 mortem

464 1493 810 1574 postquam
877 1488 1194 1573 oppetivit
1250 1489 1430 1553 iuxta
1485 1488 2006 1573 promunturium
2073 1487 2381 1573 sepelitur
2392 1486 2473 1575 2);
2530 1488 2799 1552 daemon
2856 1488 3083 1552 deinde

462 1586 737 1651 habetur
782 1590 974 1670 atque
1019 1590 1227 1669 vates,
1274 1585 1547 1669 denique
1603 1587 1784 1652 deus:
1839 1595 2082 1652 τοῦτον
2138 1589 2374 1651 τοίνυν
2430 1589 2718 1671 λαβόντα
2773 1584 2882 1652 καὶ
2940 1588 3082 1651 δαί-

462 1710 666 1770 μονος
703 1688 914 1769 ὄνομα
950 1682 1060 1749 καὶ
1098 1685 1493 1772 χρησμῳδοῦ
1529 1682 1638 1748 καὶ
1676 1685 1971 1769 μάντεως
2008 1687 2237 1769 φήμην
2266 1683 2376 1749 καὶ
2416 1686 2527 1749 διὰ
2563 1692 2760 1749 τοῦτο
2798 1684 3081 1763 δόξαντα

460 1785 636 1867 παρὰ
682 1793 822 1860 τοῖς
876 1782 1183 1866 ἀνοήτοις
1237 1777 1408 1846 εἶναι
1462 1783 1630 1848 θεὸν
1683 1786 1819 1847 κτλ.
1876 1805 1935 1866 p.
1980 1781 2123 1845 138.
2219 1780 2432 1846 Simili
2478 1781 2671 1846 modo
2730 1803 2824 1846 ex.
2871 1804 2963 1868 gr.
3004 1782 3081 1846 de

461 1880 832 1965 Trophonio
894 1880 1181 1945 referunt
1246 1881 1589 1964 scriptores
1656 1879 1899 1944 Graeci.
2000 1879 2239 1965 Apollo
2256 1932 2273 1964 ‚
2343 1881 2454 1963 qui
2518 1880 2856 1964 permultis
2918 1879 3079 1944 locis

463 1980 719 2043 oracula
774 1979 1081 2043 chthonia
1139 1982 1250 2043 aut
1307 1980 1631 2063 oppressit
1685 1981 1795 2042 aut
1845 2001 1961 2042 suo
2018 1978 2278 2042 nomine
2335 1978 2697 2063 occupavit,
2756 1976 3079 2043 Seleuciae

439 2098 744 2161 quoque,
807 2077 920 2140 ubi
976 2100 1055 2141 ex
1118 2076 1584 2159 antiquissimis
1640 2077 2042 2161 temporibus
2100 2076 2532 2161 Sarpedonem
2580 2076 2826 2141 cultum
2874 2076 3076 2141 fuisse

462 2180 959 2240 consentaneum
1007 2179 1123 2260 est,
1170 2176 1302 2239 vim
1349 2197 1529 2238 suam
1574 2175 1831 2240 videtur
1878 2174 2249 2240 declarasse.
2340 2172 2667 2259 Apollinis
2715 2176 2885 2238 enim
2935 2174 3078 2239 Sar-

458 2273 720 2357 pedonii
750 2274 1081 2337 cuiusdam
1112 2271 1442 2337 oraculum
1473 2270 1797 2337 Seleuciae
1836 2274 2162 2337 exstitisse
2189 2272 2516 2337 Diodorus
2529 2270 2582 2358 ⁸)
2622 2275 2685 2337 et
2714 2270 3075 2358 Zosimus4)

459 2376 965 2437 commemorant
1030 2370 1151 2457 Cin
1219 2370 1466 2434 Cilicia'
1531 2368 1779 2456 Diod),
1844 2370 1911 2433 id
1986 2371 2157 2453 quod
2223 2369 2654 2454 Sarpedonem
2729 2392 2858 2433 una
2930 2391 3075 2434 cum

459 2468 767 2552 Apolline
821 2469 1067 2533 cultum
1080 2466 1132 2554 ⁵)
1180 2468 1282 2532 vel
1319 2469 1555 2533 rectius
1594 2468 1711 2532 sub
1750 2465 2076 2552 Apollinis
2124 2470 2514 2552 potestatem
2561 2468 2890 2532 redactum
2940 2490 3075 2533 esse

459 2568 797 2653 significat.
889 2565 1116 2651 Itaque
1175 2566 1367 2630 etiam
1421 2565 1545 2630 hoc
1598 2566 1740 2630 loco
1797 2564 2177 2651 Apollineae
2241 2566 2341 2630 vis
2405 2565 2738 2654 religionis
2795 2571 2894 2630 est
2949 2569 3075 2631 sta-

455 2666 694 2730 tuenda
705 2664 775 2753 6).
866 2665 1085 2729 Tertia
1130 2664 1402 2747 denique
1447 2665 1604 2728 vicit
1649 2663 1888 2728 Thecla
1932 2687 2138 2747 neque
2185 2669 2404 2729 tamen
2442 2686 2706 2749 prorsus
2755 2664 3073 2729 destruxit

458 2762 844 2846 Sarpedonis
891 2761 1283 2828 memoriam.
1361 2761 1545 2826 >Nam
1594 2766 1931 2846 superatus
1974 2762 2231 2844 quidem
2269 2766 2486 2827 tamen
2522 2762 2577 2828 is
2617 2783 2872 2845 quoque
2916 2785 3074 2828 non-

455 2882 804 2943 numquam
842 2860 1300 2926 advocabatur:
1337 2861 1406 2923 in
1442 2860 1583 2924 mir.
1622 2861 1663 2924 2
1702 2884 1761 2945 p.
1795 2860 1922 2923 138
1945 2882 2036 2943 sq.
2077 2860 2153 2924 de
2194 2857 2512 2945 pagana⁷)
2555 2861 2827 2942 quadam
2857 2861 3074 2945 agitur

451 2960 715 3025 nomine
761 2956 922 3042 Aba,
972 2980 1133 3041 quae
1178 2958 1359 3041 pedis
1417 2980 1561 3021 osse
1617 2959 1944 3022 confracto
2002 2958 2309 3042 ἀκίνητος
2355 2953 2468 3041 ἦν,
2526 2954 2684 3023 ποτὲ
2736 2955 2861 3042 μὲν
2906 2957 3072 3024 Ἰου-

454 3060 683 3141 δαίων,
731 3052 890 3121 ποτε
937 3052 1012 3120 δὲ
1055 3053 1165 3120 καὶ
1211 3065 1345 3120 τῶν
1392 3054 1735 3121 ἀπαοιδῶν
1778 3057 2056 3139 τούτων,
2104 3057 2236 3141 ἅμα
2283 3052 2356 3120 δὲ
2401 3054 2511 3121 καὶ
2559 3064 2680 3121 τοῦ
2725 3059 3071 3140 βελτίστου

451 3156 1018 3241 Σαρπηδονίου
1053 3155 1422 3232 παιζόντων
1451 3155 1545 3229 εἰς
1581 3154 1789 3237 αὐτὴν
1825 3152 1935 3219 καὶ
1973 3155 2095 3237 τὴν
2130 3151 2253 3239 μὲν
2279 3157 2647 3240 θεραπείαν
2677 3154 3071 3238 ἐπαγγελλο-

451 3260 670 3337 μένων
716 3302 730 3316 .
777 3302 793 3316 .
842 3303 855 3316 .
913 3251 992 3317 οὐ
1046 3252 1179 3335 μὴν
1222 3250 1331 3316 καὶ
1376 3254 1650 3336 ποιῆσαί
1691 3276 1755 3317 τι
1812 3252 2208 3336 δυναμένων
2274 3254 2425 3317 οὔτε
2482 3251 2920 3336 δυνηθέντων
2976 3256 3070 3331 εἰς

452 3350 652 3427 τέλος.
747 3348 985 3414 Sanata
1049 3348 1321 3430 denique
1374 3372 1413 3412 a
1467 3348 1705 3414 Thecla
1768 3350 1850 3412 ad
1912 3349 2105 3414 fidem
2171 3350 2588 3414 christianam
2654 3352 3066 3416 convertitur.

451 3447 678 3513 Altero
725 3447 796 3510 in
838 3445 1149 3511 miraculo
1199 3444 1529 3530 Sarpedon
1574 3448 1759 3531 quasi
1796 3449 2193 3532 superiorem
2230 3470 2370 3513 esse
2406 3447 2709 3512 Theclam
2756 3448 3067 3535 concedit,

631 3680 681 3747 1)
717 3677 820 3732 τὸν
855 3675 1041 3744 ἄνδρα
1077 3673 1212 3729 ποτὲ
1248 3682 1449 3729 τοῦτον
1487 3673 1757 3745 γεγονότα
1793 3695 1846 3745 p.
1882 3682 1998 3730 136.

632 3763 686 3829 2)
721 3754 973 3827 ταφέντα
1012 3754 1074 3811 δὲ
1111 3754 1268 3823 παρὰ
1303 3755 1408 3824 τὴν
1443 3755 1618 3826 χηλὴν
1654 3757 1750 3810 καὶ
1786 3756 1889 3825 τὴν
1925 3754 2092 3825 ἠϊόνα
2129 3756 2339 3825 ταύτην
2375 3776 2427 3827 p.
2463 3761 2579 3810 138.

634 3841 686 3908 3)
727 3844 812 3907 32,
846 3843 930 3905 10,
961 3843 1018 3891 2:
1059 3834 1419 3903 Ἀλεξάνδρου
1468 3878 1479 3890 .
1531 3880 1541 3889 .
1592 3879 1603 3891 .
1651 3834 2188 3907 χρηστηριαζομένου
2234 3836 2377 3890 κατὰ
2435 3836 2538 3905 τὴν
2583 3834 2872 3903 Κιλικίαν,
2919 3837 3066 3893 ἔνθα

451 3922 624 3989 φασὶν
654 3917 990 3980 ’Λπόλλωνος
1025 3913 1429 3985 Σαρπηδονίου
1467 3915 1619 3984 ἱερὸν
1656 3911 1818 3970 εἶναι.

633 4002 688 4070 4)
724 3998 751 4051 Ι
779 4002 845 4051 57
884 4016 937 4067 p.
978 4003 1065 4066 41,
1097 4002 1164 4050 10
1210 3996 1423 4050 Mend.:
1475 3994 1536 4051 ἐν
1584 3995 1885 4072 Σελευκείᾳ
1928 4005 1995 4068 τῇ
2041 3995 2185 4051 κατὰ
2230 3992 2492 4051 Κιλικίαν
2530 3993 2865 4059 ’Λπόλλωνος
2911 3996 3065 4066 ἱερὸν

452 4079 646 4148 ἵδρυτο
685 4075 1031 4146 καλουμένου
1070 4074 1500 4145 Σαρπηδονίου,
1538 4078 1634 4131 καὶ
1683 4076 1743 4131 ἐν
1786 4076 1964 4149 τούτῳ
2012 4074 2359 4148 χρηστήριον.
2407 4109 2476 4116 —-
2522 4075 2782 4130 Fortasse
2827 4077 2934 4131 hoc
2979 4077 3064 4131 in-

447 4159 834 4231 tellegendum
870 4156 1155 4210 oraculum
1195 4157 1347 4226 apud
1384 4156 1615 4211 Tertull.
1655 4157 1724 4211 de
1764 4173 1852 4211 an.
1884 4162 1951 4212 46
1983 4157 2038 4211 C.
2070 4158 2121 4211 S.
2153 4156 2215 4210 E.
2246 4157 2305 4211 L.
2344 4158 2384 4210 t.
2416 4155 2517 4209 XX
2544 4175 2596 4226 p.
2630 4162 2750 4226 377,
2788 4157 2888 4210 ubi
2915 4157 3065 4212 inter

451 4240 697 4309 oracula,
735 4236 941 4307 quibus
977 4252 1077 4306 per
1113 4237 1332 4291 somnia
1369 4235 1692 4291 indicantur
1728 4236 1946 4306 futura,
1986 4236 2323 4306 Sarpedonis
2369 4236 2611 4291 occurrit
2654 4239 2756 4306 „in
2796 4238 3059 4293 Troadd‘.

448 4319 664 4376 Calami
709 4319 946 4373 fortasse
995 4316 1215 4386 lapsum
1261 4317 1624 4371 statuendum
1671 4333 1791 4371 esse
1840 4317 2094 4371 Rohdius
2146 4333 2369 4386 quoque
2413 4318 2664 4387 putavit,
2712 4317 2779 4371 cf.
2818 4315 3062 4386 Psyche²

445 4403 471 4455 I
506 4421 560 4472 p·
595 4406 999 4552 158550-3011&
1037 4477 1071 4532 l.
1111 4496 1153 4532 s.
1202 4477 1270 4533 cf.
1318 4478 1382 4532 R.
1421 4477 1666 4532 Koehler
1709 4477 1783 4532 M.
1823 4478 1928 4533 Rh.
1961 4484 2027 4532 14
2073 4480 2257 4549 (1859)
2301 4497 2356 4547 p.
2386 4483 2507 4534 474.
2581 4475 2854 4531 Nonnihil
2900 4491 3059 4530 secus

447 4563 659 4617 Usener
693 4561 944 4616 Gottern.
974 4563 1078 4613 218
1099 4576 1178 4627 sq.

626 4642 678 4711 6)
715 4640 918 4711 Apollo
956 4656 1070 4694 una
1107 4656 1234 4694 cum
1271 4639 1592 4710 Sarpedone
1628 4639 1952 4693 nominatur
1988 4637 2159 4693 Basil.
2189 4657 2242 4708 p.
2273 4644 2393 4692 208.

631 4725 681 4793 7)
717 4721 847 4776 Non
882 4721 1107 4792 Iudaea,
1147 4721 1299 4791 quod
1337 4720 1546 4791 legitur
1583 4720 1734 4789 apud
1769 4718 2107 4775 Koehlerum
2142 4719 2180 4773 l.
2211 4737 2252 4774 e.
2281 4737 2338 4788 p.
2365 4716 2538 4789 473s4.
