3611 5264
403 333 488 399 112,
509 334 738 397 21—15‚
759 334 806 382 5*
1522 327 1897 397 Theraponeis
2382 384 2388 388 ,
2883 328 3005 390 127

401 492 560 569 ὅσας
604 490 850 576 ἡμέρας
893 488 1005 556 καὶ
1050 500 1163 576 τῆς
1207 492 1568 577 θεραπείας
1613 491 1687 555 τὸ
1734 490 2008 574 βέβαιον
2124 493 2272 568 ὄψει
2317 490 2725 576 παραλαβὼν
2759 492 3009 575 χαίρων

398 590 566 674 πρὸς
610 590 769 665 τοὺς
817 590 1031 665 ἰδίους
1077 587 1435 671 ἐστέλλετο,
1552 597 1673 653 τοῦ
1719 612 1787 654 τε
1833 587 2099 666 πάθους
2142 587 2252 653 καὶ
2299 596 2413 671 τῆς
2462 587 2846 673 ἐλευθερίας
2891 588 3010 652 τὸν

400 673 741 773 θρίαμβον
876 685 1179 771 ἐγκήροις
1223 685 1635 768 ε’στηλίτευσε
1678 684 1965 764 πίναξιν.

576 788 826 861 πόσους
885 781 961 849 δὲ
1019 785 1264 861 ἄλλους
1323 790 1446 851 οἴει
1506 782 2073 868 βεβακχευμένους
2132 795 2271 859 τοῖς
2332 785 2600 868 δαίμοσι
2747 792 2827 869 τῇ
2889 792 3009 848 τοῦ
3023 798 3098 853 13

408 881 606 966 ἁγίου
665 889 1171 967 θεραπευθῆναι
1233 881 1427 967 τάχος
1490 884 1880 967 θερμότητι;
2041 891 2241 947 ποῖον
2298 877 2563 957 ἀναιδὲς
2608 879 2717 945 καὶ
2774 882 3011 967 ἄγριον

379 989 659 1065 ,πνεῦμα
706 982 834 1044 σὺν
878 987 970 1067 τῷ
1019 978 1093 1044 ἐν
1139 971 1190 1066 ᾧ
1234 978 1609 1067 κατῴκηκεν
1656 978 1901 1044 ἐνθάδε
1945 980 2310 1063 γενόμενον
2471 977 2593 1044 οὐκ
2639 978 2849 1054 εὐθὺς
2893 979 3012 1042 τὸν

404 1077 646 1143 ἑαυτοῦ
693 1071 880 1143 οἶκον
925 1075 1193 1160 ἐμίσησε
1378 1076 1489 1142 καὶ
1536 1076 1625 1154 ὡς
1670 1075 1797 1141 ἀπὸ
1844 1077 2056 1160 πυρὸς
2101 1075 2361 1141 ἐκείνου
2406 1075 2734 1160 ἀφήλατο;
2911 1078 3013 1150 τίς

401 1176 763 1262 ἀρρωστῶν
806 1171 974 1260 ὑπὲρ
1024 1174 1313 1259 δύναμιν
1428 1184 1550 1240 τοῦ
1594 1175 2193 1259 προτεμ·ενίσματος
2236 1176 2447 1258 μόνον
2493 1172 2792 1257 ἐφήψατο
2901 1170 3010 1237 καὶ
3030 1199 3056 1239 5

401 1282 518 1359 τῆς
562 1273 934 1359 ἀρρωστίας
981 1271 1061 1337 οὐ
1107 1275 1334 1358 πόρρω
1383 1270 1668 1355 ἐγένετο;
1784 1274 1886 1347 τίς
1933 1267 2005 1335 δὲ
2050 1271 2172 1354 τὴν
2216 1272 2438 1356 ψυχὴν
2483 1270 2941 1357 ἀπορούμενος

402 1370 511 1436 καὶ
557 1372 632 1436 τὸ
678 1376 796 1455 ζῆν
843 1368 1185 1453 ἀπολέγων
1232 1368 1478 1436 ἐνθάδε
1521 1372 1820 1453 κατήχθη
1865 1365 1977 1433 καὶ
2014 1368 2094 1433 οὐ
2141 1367 2661 1454 γέγονεχαρίεις
2704 1367 2815 1433 καὶ
2851 1370 3012 1454 πρό-

397 1477 647 1553 θυμος;
752 1468 920 1533 ἀλλὰ
964 1468 1045 1532 τὰ
1083 1467 1417 1533 ἐντεῦθεν·
1447 1465 1809 1551 συγχέομαι
1897 1464 2007 1531 καὶ
2052 1469 2351 1552 θεωρίαν
2393 1472 2705 1533 πλουτῶν
2749 1465 3012 1550 θαυμά-

398 1591 534 1632 των
581 1563 941 1650 ἐστένωμαι
1131 1564 1241 1631 καὶ
1286 1563 1841 1649 καταπέπληγμαι.
1998 1568 2268 1629 πολλῶν
2311 1564 2440 1649 γάρ
2485 1588 2617 1648 μου
2664 1573 2741 1650 τῇ
2787 1565 3009 1649 μνήμῃ

399 1665 926 1750 περιτρεχόντων
968 1661 1277 1747 ἀμηχανῶ
1324 1674 1523 1729 ποῖον
1569 1661 2029 1746 ἐπιλεξάμενος
2146 1661 2317 1727 ἐάσω
2363 1662 2437 1726 τὸ
2484 1660 2712 1747 ἕτερον
2747 1661 3008 1727 ἀνιστό-
3031 1686 3084 1725 10

405 1784 626 1848 ρητον.
734 1759 835 1826 ἀεὶ
881 1761 1008 1846 γὰρ
1055 1761 1130 1825 τὸ
1167 1757 1462 1845 παρεθὲν
1504 1762 1982 1845 προτιμότερον
2070 1768 2191 1824 τοῦ
2238 1757 2618 1843 ληφθέντος
2664 1762 3013 1843 νομίζεται.

586 1857 696 1923 καὶ
725 1859 938 1924 πάντα
965 1855 1089 1943 μὲν
1115 1857 1568 1944 καταγράφειν
1605 1856 1961 1940 ἀδύνατον,
2034 1855 2304 1941 ἀπορῶν
2334 1853 2406 1921 δὲ
2433 1868 2592 1922 ποῖα
2628 1862 3012 1922 καταλιπεῖν
3026 1879 3100 1936 14

396 1956 509 2023 καὶ
553 1969 712 2022 ποῖα
759 1957 1164 2041 αἰρήσασθαι
1316 1956 1545 2040 πάσχω
1591 1956 1671 2019 τὰ
1724 1964 1863 2019 τῶν
1916 1953 2294 2039 ὁδοιπόρων
2348 1956 2551 2031 εἰκός·
2599 1953 2838 2020 ἐκεῖνοι
2883 1955 3010 2040 γὰρ

399 2055 612 2142 ὑπτίῳ
668 2055 871 2141 πεδίῳ
929 2055 1383 2138 φοιτήσαντες,
1536 2053 1698 2118 ὅταν
1750 2053 1825 2117 τὸ
1888 2054 2001 2138 ἔαρ
2062 2053 2184 2135 τὴν
2243 2059 2371 2135 γῆν
2428 2050 2806 2138 περιστέφει
2870 2064 3010 2128 τοῖς

399 2155 710 2235 ἄνθεσιν,
912 2150 1221 2238 ἀπλήστῳ
1277 2150 1609 2238 ὀφθαλμῷ
1662 2152 1743 2214 τὰ
1787 2149 2188 2233 ὑποκείμενα
2234 2151 2590 2232 βόσκονται
2773 2152 2896 2234 τήν
2941 2173 3011 2214 τε

401 2251 636 2337 ὅρασιν
682 2252 1132 2334 συγχεόμενοι,
1276 2247 1384 2313 καὶ
1431 2250 1667 2314 ἄλλοτε
1712 2250 1959 2330 ταύτην
2003 2248 2170 2333 πρὸς
2216 2248 2384 2312 ἄλλα
2429 2256 2545 2330 τῆς
2589 2249 2788 2332 χλόης
2833 2249 3011 2331 ἄνθη
3031 2276 3091 2330 ⁵.

397 2351 966 2434 μεταρριπίζοντες
1074 2350 1322 2412 ἔλαθον
1370 2344 1646 2422 ἑαυτοὺς
1682 2342 1893 2428 μηδὲν
1937 2344 2225 2430 ἀκριβῶς
2270 2355 2406 2409 τῶν
2448 2344 2656 2409 ἐκεῖσε
2691 2346 3013 2428 κατανοή-

399 2463 650 2522 σαντες.
767 2447 971 2509 ἔνθεν
1005 2441 1129 2529 μὲν
1166 2444 1292 2528 γὰρ
1330 2443 1675 2527 ὑάκινθος,
1810 2442 2071 2507 ἐκεῖθεν
2115 2445 2501 2527 μελίλωτον,
2619 2441 2660 2525 ἢ
2708 2442 3011 2529 ἀνεμώνη

397 2541 508 2608 καὶ
564 2542 950 2627 νάρκισσος,
1148 2542 1440 2606 ἄλλοθεν
1491 2542 1728 2621 κρίνον
1782 2538 1823 2623 ἢ
1881 2539 2174 2625 ροδωνιά
2226 2543 2346 2606 καί
2384 2563 2484 2616 τις
2543 2541 2708 2623 ἄλλη
2765 2541 3011 2623 βοτάνη

398 2641 863 2727 χρυσάνθεμος
1048 2639 1402 2722 στοιχηδὸν
1444 2643 1777 2703 κυκλῶσαι
1833 2639 1907 2703 τὸ
1965 2640 2140 2724 ὄμμα
2195 2639 2477 2724 διέχεαν,
2674 2640 2762 2714 ὡς
2807 2635 3015 2722 μηδὲν

405 2740 669 2822 ἰσχῦσαι
731 2737 854 2820 τὴν
914 2736 1151 2822 ὅρασιν
1307 2733 1409 2818 ἐφ’
1482 2733 1721 2800 ἑαυτοῦ
1780 2747 2035 2821 τρανῶς
2103 2736 2659 2815 κατασκέψασθαι.
2840 2735 3013 2800 οὕτω
3035 2766 3087 2804 10

404 2843 577 2919 γοῦν
620 2832 730 2899 καὶ
776 2833 964 2917 ἡμῶν
1018 2842 1133 2916 τῆς
1188 2834 1490 2908 διανοίας
1533 2831 1574 2915 ἡ
1641 2833 1793 2910 ὄψις
1839 2841 1931 2921 τῷ
1975 2844 2111 2899 τῶν
2153 2836 2521 2918 θαυμάτων
2564 2836 2808 2917 πλήθει
2858 2851 3015 2916 συγ-

397 2932 665 3018 κέχυται
846 2929 956 2996 καὶ
1009 2930 1177 3016 πρὸς
1229 2932 1479 3015 μυρίαν
1525 2932 1853 3015 ἔκφρασιν
1907 2933 2170 3008 τούτοις
2215 2935 2556 3018 μερίζεται.
2740 2928 2884 2996 ἀλλ’
2938 2931 3011 2995 ἐν

400 3033 560 3097 εἴδει
598 3042 732 3096 τῶν
768 3030 849 3094 τὰ
894 3028 1177 3115 οὐράνια
1231 3030 1831 3113 καταστεριζόντων
1874 3030 1949 3094 τὸ
1995 3026 2118 3115 μὲν
2154 3030 2328 3115 χύμα
2365 3040 2500 3095 τῶν
2538 3031 2799 3114 ἄστρων
2847 3027 3014 3111 λέγω

400 3129 482 3212 δὴ
529 3141 662 3194 τῶν
705 3128 1072 3214 θαυμάτων
1118 3126 1432 3212 ἐάσωμεν,
1571 3125 1669 3192 ἐπ’
1725 3127 1953 3211 ὀλίγας
2000 3124 2074 3193 δὲ
2127 3129 2386 3194 τούτων
2431 3130 2690 3204 εἰκόνας
2736 3126 3015 3211 εὔσημο-

400 3226 591 3312 τέρας
635 3237 713 3312 τῇ
761 3230 1075 3311 συνεπείᾳ
1121 3225 1545 3309 τρεψώμεθα,
1690 3224 1879 3304 τάξιν
1923 3224 2032 3290 καὶ
2077 3225 2407 3312 ἁρμονίαν
2452 3227 2657 3311 ταύτῃ
2703 3233 2795 3311 τῷ
2842 3227 3016 3312 λόγῳ
3036 3252 3089 3293 15

399 3323 813 3410 παρέχοντες.

575 3418 1003 3495 Ἀναστάσιός
1048 3443 1149 3496 τις
1194 3419 1490 3505 ὀνόματι,
1644 3421 1895 3505 Βιζύην
1941 3422 2165 3503 οἰκῶν,
2212 3419 2418 3505 ξηρὰν
2466 3417 2537 3483 ἐκ
2583 3420 2845 3503 χρόνων
2890 3421 3013 3503 τὴν
3033 3429 3108 3484 15

408 3520 596 3596 χεῖρα
644 3507 968 3593 ἐκέκτητο,
1084 3509 1297 3592 πάντη
1343 3531 1412 3574 τε
1458 3509 1706 3592 ταύτην
1752 3509 2060 3592 ἀκίνητος
2105 3504 2210 3593 ἧν,
2266 3519 2400 3572 τῶν
2446 3507 2793 3572 δακτύλων
2840 3507 3017 3596 αὐτῷ

405 3607 514 3673 καὶ
560 3616 682 3672 τοῦ
726 3606 1016 3692 θέναρος
1194 3605 1413 3689 ἀργῶς
1466 3605 1576 3671 καὶ
1630 3607 1846 3690 μάτην
1901 3605 2425 3692 ἀπαιωρημένων
2481 3614 2601 3671 τοῦ
2657 3608 2926 3690 πήχυος.

406 3700 602 3781 οὗτος
646 3712 929 3790 κατῆρεν
965 3706 1060 3780 εἰς
1094 3704 1216 3768 τὸν
1259 3702 1494 3788 λιμένα
1539 3713 1781 3769 τοῦτον
1817 3713 1933 3788 τῆς
1969 3702 2315 3787 ἀπαθείας,
2351 3702 2461 3768 καὶ
2498 3703 2615 3780 τὰς
2662 3703 2867 3789 ἀρχὰς
2902 3712 3018 3787 τῆς

407 3803 673 3879 ἐλπίδος
719 3802 979 3880 ἀνάψας
1026 3798 1134 3866 ἐπὶ
1180 3801 1301 3866 τὸν
1336 3802 1532 3884 ἅγιον
1679 3801 1921 3886 ἐνάτην
1963 3800 2217 3887 ἡμέραν
2263 3807 2547 3888 γαληνιᾷ
2597 3802 2721 3884 τὴν
2773 3803 3014 3885 ψυχήν,
3034 3830 3059 3872 5

581 3992 648 4038 22
687 3984 956 4041 ἐστέλλετο
1014 3988 1145 4039 anfie
1201 3981 1411 4055 χαίρων
1456 3984 1517 4037 Μ
1575 3989 1583 4055 Ι
1644 3992 1710 4039 23
1760 3984 2207 4056 κηροπλαστικὰς
2262 3982 2485 4047 εἰκόνας
2536 3986 2667 4054 post
2729 3981 3016 4055 θρίαμβον
3102 4034 3111 4041 .

407 4067 535 4120 add.
575 4066 634 4118 M
666 4069 675 4134 Ι
709 4064 771 4120 ἐν
808 4074 1000 4134 κηροῖς
1034 4065 1084 4118 A
1111 4068 1130 4135 ΙΙ
1160 4070 1243 4133 13,
1274 4070 1305 4117 2
1345 4063 1525 4135 τάχως
1560 4067 1610 4118 Α
1642 4068 1650 4134 Ι
1685 4072 1715 4119 3
1754 4065 1816 4121 ἐν
1855 4057 1897 4138 ᾧ
1934 4065 1984 4119 Α
2040 4065 2208 4121 ἄιωνϊ
2232 4064 2290 4117 Μ
2323 4068 2331 4134 Ι
2364 4065 2459 4119 καὶ
2489 4066 2620 4118 ante
2649 4065 2751 4118 οὐκ
2780 4063 2908 4118 add.
2931 4065 3012 4138 ΜΙ

402 4152 436 4198 4
474 4143 694 4215 ἐμίσησε
741 4145 841 4199 τὸν
888 4140 1048 4200 οἷκον
1095 4143 1298 4199 ἐάντοῠ
1335 4144 1394 4196 Μ
1438 4148 1447 4213 Ι
1493 4143 1778 4214 ἀφήλλατο
1816 4145 1867 4200 Α
1922 4142 2191 4215 ἀφείλατο
2229 4145 2288 4197 Μ
2329 4147 2337 4213 Ι
2379 4149 2411 4197 5
2463 4140 2932 4213 προταινίσματος
2969 4145 3018 4197 Α

403 4223 835 4295 προτενίσματος
870 4226 929 4277 Μ
972 4229 981 4294 Ι
1023 4231 1055 4278 6
1093 4223 1270 4297 γέγων
1307 4224 1366 4276 Μ
1398 4227 1407 4293 Ι
1437 4221 1521 4287 τίς
1558 4241 1664 4279 om.
1694 4224 1744 4277 A
1777 4228 1785 4294 Ι
1819 4224 1882 4279 δὲ
1916 4227 2047 4295 post
2082 4224 2273 4295 ψυχὴν
2310 4225 2361 4277 Α
2410 4226 2419 4292 Ι
2471 4229 2501 4275 7
2540 4244 2661 4294 χαρ.
2701 4222 2815 4295 γέγ.
2853 4224 2972 4277 AM
3003 4226 3012 4296 Ι

404 4311 436 4360 8
473 4305 543 4360 τὰ
579 4305 640 4358 Μ
693 4303 844 4361 ,τοῦτ’
887 4306 938 4358 Α
988 4307 995 4373 Ι
1045 4310 1078 4358 9
1115 4305 1438 4374 ἀστηνῶμαι
1474 4303 1524 4356 A
1574 4307 1581 4373 Ι
1631 4306 1728 4359 καὶ
1774 4303 2239 4375 καταπέπληγμαι
2283 4322 2389 4357 om.
2428 4303 2478 4357 A
2511 4307 2518 4373 Ι
2549 4312 2617 4374 τῆ
2656 4303 2877 4373 μνήμην
2913 4303 2971 4356 Μ
3004 4303 3011 4374 Ι

406 4393 471 4441 10
499 4385 813 4454 θαυμάτων
847 4387 979 4456 post
1013 4404 1221 4454 περιτρ.
1261 4384 1391 4439 add.
1432 4384 1489 4437 M
1517 4386 1536 4454 ΙΙ
1566 4389 1649 4453 14,
1681 4391 1708 4440 1
1748 4385 1966 4447 πάντας
2001 4385 2060 4437 Μ
2092 4387 2100 4454 Ι
2133 4384 2327 4452 ἀπορῶ
2364 4383 2414 4437 Α
2447 4387 2454 4453 Ι
2489 4389 2520 4436 2
2559 4382 2621 4439 δὲ
2656 4386 2789 4454 post
2823 4382 3016 4453 πάσχω

404 4467 530 4520 add.
571 4466 621 4519 A
653 4470 661 4536 Ι
695 4471 727 4519 5
768 4465 922 4534 ἄνθη
963 4482 1068 4518 om.
1090 4464 1151 4518 M
1181 4467 1190 4536 Ι
1225 4471 1253 4519 7
1293 4462 1651 4534 μεμίλοτονΑ
1683 4468 1692 4533 Ι
1725 4463 1986 4532 8κρίνων
2021 4462 2057 4532 ἢ
2096 4461 2280 4534 ῥόδων
2317 4463 2413 4518 οἴα
2448 4464 2498 4517 Α
2530 4467 2539 4532 Ι
2572 4470 2603 4517 9
2641 4467 2894 4519 κυκλῶσα
2922 4462 2972 4515 A
3005 4463 3014 4535 Ι

403 4546 648 4617 διέχειαν
686 4546 736 4599 A
785 4549 794 4616 Ι
829 4551 896 4599 10
936 4544 1135 4614 ἑαυτῆς
1169 4545 1220 4597 Α
1252 4548 1261 4613 Ι
1314 4550 1379 4598 12
1417 4543 1529 4599 ἀλλ’
1568 4544 1618 4597 A
1671 4545 1768 4598 καὶ
1805 4545 1865 4597 Μ
1915 4548 1924 4615 Ι
1976 4550 2041 4598 15
2078 4544 2289 4613 ταύτην
2325 4543 2375 4596 A
2420 4546 2440 4614 ΙΙ
2486 4550 2570 4612 15,
2602 4550 2629 4596 1
2679 4543 2886 4612 Βιξύην
2922 4541 2972 4594 A
3004 4542 3014 4615 Ι

405 4632 437 4679 2
473 4627 644 4699 ταύτῃ
682 4627 732 4680 A
782 4629 792 4697 Ι
843 4626 1018 4681 ἀυτοῢ
1055 4624 1116 4678 Μ
1164 4627 1174 4694 Ι
1224 4630 1255 4678 3
1295 4622 1723 4694 ἀπεωρισμένων
1759 4624 1810 4677 A
1857 4622 2285 4693 ἀπεῶρισμένων
2321 4624 2380 4676 Μ
2418 4641 2555 4679 corr,
2592 4623 2804 4677 Usener
2852 4625 2862 4693 Ι
2912 4622 3017 4691 πή-

404 4725 541 4777 χεως
576 4707 622 4759 Α
654 4711 663 4778 Ι
696 4713 727 4761 5
767 4706 1009 4776 ἐννάτην
1044 4704 1166 4759 AM
