3611 5264
554 330 638 395 58
1398 322 1401 325 ¹
1711 327 1894 397 Caput
1930 329 2021 382 IV.

558 496 796 560 dicens:
860 494 1178 572 Redemte‚
1242 493 1511 575 viyilas?
1575 495 1677 558 eui
1737 493 2083 575 respondit:
2147 493 2352 573 viyilo.
2415 493 2526 574 qui
2596 492 2722 556 ait:
2779 493 2931 574 finis
3001 494 3167 557 venit

555 594 880 657 universae
924 594 1151 657 carnis·
1155 590 1189 624 “
1280 591 1526 667 Quibus
1582 591 1795 656 verbis
1855 591 1952 655 bis
2007 589 2298 674 repetitis
2362 591 2554 675 „visio
2627 592 2953 674 martyris,
3006 612 3164 672 quae

557 692 825 756 meritis
869 692 1002 755 eius
1047 692 1281 755 oculis
1326 690 1759 772 apparebat,
1805 686 2160 753 evanuit.“

729 788 904 852 Beda
968 788 1037 852 in
1098 788 1371 853 historia
1439 787 1867 852 ecclesiastica
1935 786 2145 872 gentis
2216 784 2580 872 Anglorum
2626 785 2691 850 H
2728 788 2769 850 6
2830 786 2908 850 de
2967 786 3160 852 Petro

552 887 750 950 refert
813 885 1110 970 apostolo
1120 937 1137 969 ,
1194 887 1305 970 qui
1377 891 1574 951 noctu
1635 885 1984 950 Laurentio
2041 885 2522 968 archiepiscopo
2579 885 2754 949 visus
2811 889 2933 949 est:
2987 907 3163 969 „cum

556 1007 693 1049 vero
747 990 805 1048 et
856 985 1238 1049 Laurentius
1285 1036 1297 1048 .
1347 1036 1360 1048 .
1410 1037 1423 1049 .
1479 984 1954 1049 Brittaniam
2007 989 2158 1048 esset
2207 984 2557 1067 relicturam,
2610 984 2797 1048 iussit
2847 983 2990 1064 ipsa
3041 984 3163 1047 sibi

551 1088 755 1148 nocte
799 1084 879 1148 iri
923 1083 1235 1147 ecclesia
1280 1084 1593 1147 beatorum
1637 1083 2051 1164 apostoloram
2096 1080 2275 1146 Petri
2327 1086 2386 1144 et
2429 1079 2627 1145 Pauli
2675 1132 2687 1144 .
2728 1132 2741 1144 .
2783 1131 2796 1144 .
2841 1086 3162 1146 stratam

548 1181 780 1262 parari
788 1203 809 1258 ‚·
856 1182 927 1244 in
972 1202 1106 1263 que,
1153 1202 1292 1245 cum
1331 1186 1472 1262 post
1522 1181 1751 1246 multas
1786 1200 2002 1262 preces
2045 1201 2121 1244 ae
2173 1180 2468 1244 lacrimas
2509 1181 2609 1243 ad
2657 1178 3006 1243 Dominum
3039 1200 3161 1262 pro

551 1284 717 1345 stata
763 1280 1042 1343 ecclesiae
1081 1282 1264 1361 fusas
1307 1281 1397 1343 ad
1446 1279 1964 1360 quiescendum
2016 1278 2291 1342 membra
2325 1278 2633 1360 posuisset
2684 1283 2865 1358 atque
2909 1278 3161 1342 obdor-

551 1378 830 1459 misset,
876 1378 1239 1460 apparuit
1278 1379 1337 1441 ei
1381 1377 1768 1441 beatissimus
1813 1375 2225 1458 apostoloram
2257 1375 2588 1458 princeps“
2632 1398 2683 1440 e.
2705 1397 2763 1458 q.
2786 1398 2832 1439 s.

729 1474 785 1537 E
846 1474 1079 1557 quibus
1139 1475 1451 1559 exemplis
1517 1475 1766 1539 duobus
1825 1473 2211 1538 concluseris
2265 1495 2399 1537 non
2464 1473 2673 1537 solum
2730 1474 2807 1537 de
2862 1475 3160 1540 remediis

555 1573 911 1636 indicandis
960 1572 1332 1636 incubatum
1380 1595 1534 1655 esse,
1582 1573 1692 1636 sed
1738 1576 1812 1636 ut
1857 1575 2170 1656 martyres
2227 1573 2296 1635 in
2340 1594 2554 1635 rerum
2601 1572 2968 1636 discrimine
3015 1595 3160 1636 con-

555 1671 941 1756 sulerentur3
997 1671 1454 1735 attendendum
1508 1670 1667 1734 locis
1724 1670 1938 1734 allatis
1986 1670 2063 1733 de
2119 1669 2367 1733 clericis
2431 1670 2564 1754 agi,
2624 1670 2734 1753 qui
2789 1670 2914 1734 hoc
2969 1671 3158 1735 modo

551 1769 629 1832 de
676 1769 867 1833 rebus
915 1769 1362 1834 ecclesiasticis
1417 1769 1689 1834 fortasse
1746 1769 2001 1852 saepius
2048 1790 2087 1831 a
2132 1769 2367 1832 sanctis
2425 1769 2557 1831 suis
2613 1768 2954 1832 consilium
3001 1770 3159 1852 peti-

551 1870 797 1931 verunt.
888 1866 1132 1931 Tamen
1176 1871 1674 1932 consentaneum
1730 1871 1829 1931 est
1887 1867 2080 1950 longe
2134 1866 2499 1949 praevalere
2555 1870 2964 1950 aegrotorum
3011 1868 3160 1933 visi-

550 1966 843 2029 tationes,

730 2061 809 2127 In
852 2060 1036 2126 Actis
1085 2066 1450 2127 sanctorum
1496 2063 1653 2127 febr.
1691 2062 1788 2126 III
1824 2087 1884 2147 p.
1913 2063 2046 2126 470
2090 2063 2401 2127 nonnulla
2439 2068 2817 2128 enarrantur
2852 2064 3160 2128 miracula

549 2161 722 2243 apud
758 2161 1080 2225 tumulum
1119 2162 1324 2225 sancti
1350 2160 1610 2225 Letardi
1647 2162 1834 2245 facta,
1873 2163 2041 2226 inter
2071 2183 2232 2245 quae
2262 2160 2567 2247 leguntur
2594 2161 2775 2226 haec:
2806 2160 2907 2250 (6)
2936 2184 3159 2245 ‚spara-

555 2259 775 2341 lyticus
818 2260 1080 2340 quidam
1125 2280 1264 2325 cum
1308 2262 1396 2324 ad
1452 2261 1772 2337 tumbam
1826 2262 1959 2325 eius
2012 2281 2152 2325 cam
2207 2260 2499 2342 lacrymis
2557 2282 2730 2341 opem
2783 2261 3158 2343 imploraret,

552 2378 765 2437 sopore
823 2359 1104 2438 depresso
1159 2359 1406 2423 adstitit
1456 2359 1606 2439 pius
1649 2363 1861 2440 pater,
1919 2360 2074 2439 quid
2125 2358 2271 2422 velit
2330 2408 2343 2420 .
2401 2408 2414 2421 .
2474 2408 2487 2421 .
2542 2363 2875 2441 quaerens“
2923 2381 2973 2423 e.
3013 2381 3071 2442 q.
3110 2382 3156 2422 s.

549 2453 873 2539 Aegrotus
921 2455 1218 2520 videlicet
1263 2459 1523 2520 curatur
1564 2478 1680 2539 per
1727 2455 2221 2521 incubationem.
2313 2456 2625 2521 Letardus
2664 2457 2773 2521 ille
2820 2458 3157 2541 episcopus

552 2550 1047 2617 Silvanectensis
1095 2553 1384 2637 sepultus
1432 2558 1568 2618 erat
1612 2555 1719 2634 „iri
1751 2556 2003 2637 portica
2046 2576 2092 2620 s.
2133 2554 2415 2619 Martini
2459 2556 2632 2619 intra
2667 2556 2980 2621 ecclesiam
3026 2556 3157 2620 bea-

547 2656 747 2716 torum
776 2653 1190 2735 apostoloram
1218 2652 1397 2718 Petri
1423 2658 1481 2718 et
1508 2651 1743 2718 Pauli“
1772 2652 2336 2746 Cantabrigens
2349 2675 2458 2717 em
2497 2651 2602 2739 (cf.
2632 2651 2710 2717 A.
2741 2677 2789 2718 s,
2818 2678 2877 2739 p.
2898 2654 3048 2738 469,
3068 2652 3157 2740 5),

552 2772 745 2832 quam
763 2748 1132 2837 Augustino
1161 2754 1421 2816 auctore
1449 2752 1530 2815 ab
1558 2748 1936 2816 Aedilberto
1966 2752 2364 2816 aedificatam
2392 2750 2776 2816 Laurentius
2806 2749 3159 2838 Augustini

551 2870 878 2913 successor
923 2873 1090 2914 anno
1139 2849 1270 2915 613
1316 2851 1711 2915 consecravit
1758 2849 1963 2936 (Beda
1997 2848 2030 2914 I
2068 2850 2154 2913 33
2191 2847 2269 2913 A.
2308 2873 2357 2913 s.
2393 2848 2434 2913 1.
2472 2846 2567 2934 s.).
2638 2848 2792 2914 Non
2837 2871 2988 2914 casu
3033 2850 3159 2914 fac—

551 2950 690 3010 tum
739 2969 873 3011 esse
920 2952 1238 3033 putamus,
1286 2949 1458 3031 quod
1504 2949 1571 3012 in
1619 2949 1838 3012 eadem
1886 2949 2151 3013 ecclesia
2196 2948 2366 3011 idem
2402 2946 2785 3010 Laurentius
2824 2970 2939 3029 per
2984 2949 3158 3012 incu-

546 3045 873 3108 bationem
937 3044 1201 3109 Petrum
1257 3046 1624 3129 apostolum
1680 3047 2031 3129 consuluit,
2088 3047 2154 3109 id
2211 3045 2383 3128 quod
2438 3045 2629 3108 modo
2691 3044 3155 3110 adnotavimus,

547 3140 975 3206 Adiciendum
1019 3143 1274 3208 videtur
1328 3144 1659 3208 ecclesiam
1724 3143 1905 3209 illam
1970 3143 2269 3207 eximiam
2333 3142 2634 3207 habuisse
2689 3142 3156 3227 auctoritatem,

546 3239 1021 3322 sepeliebantur
1080 3242 1251 3306 enim
1311 3243 1380 3306 in
1434 3263 1508 3305 ea
1568 3240 1832 3307 Cantiae
1886 3263 2068 3327 reges
2124 3245 2190 3305 et
2254 3241 2536 3325 episcopi
2603 3238 3156 3327 Cantabrigenses‚

546 3338 714 3401 inter
760 3359 921 3420 quos
968 3339 1104 3422 ipse
1150 3337 1556 3425 Augustinus
1604 3339 1809 3428 (Beda
1852 3339 1893 3404 l.
1932 3337 2026 3426 s.).

726 3443 1087 3529 Stephanus
1133 3444 1230 3511 III
1277 3447 1573 3530 pontifex
1618 3448 1939 3512 maximus
1985 3447 2182 3511 refert
2227 3447 2397 3530 apud
2442 3446 2878 3510 memoriam
2918 3470 2964 3512 S.
3003 3446 3160 3512 Dio-

546 3543 716 3626 nysii
766 3541 1176 3630 (Lutetiae)
1225 3545 1639 3610 dormienti
1687 3545 1813 3610 sibi
1860 3544 2201 3610 sanitatem
2247 3544 2445 3609 fuisse
2492 3545 2872 3610 restitutam.
2887 3543 2937 3631 1)

727 3757 779 3825 l)
817 3754 882 3809 of.
923 3754 1206 3809 Dehnium
1240 3755 1301 3809 in
1344 3755 1495 3810 notis
1543 3757 1616 3809 ad
1653 3755 1888 3810 Cosmae
1935 3758 1993 3809 et
2028 3755 2292 3810 Damiani
2336 3755 2609 3809 miracula
2656 3756 2806 3825 apud
2843 3755 3155 3826 Wangner-

546 3834 768 3888 eckium
825 3834 1137 3904 Syntagma
1192 3833 1523 3887 historicum
1571 3877 1581 3887 .
1635 3879 1645 3889 .
1695 3879 1705 3890 .
1767 3835 1838 3890 de
1894 3834 2104 3890 sanctis
2161 3836 2453 3904 anargyris
2511 3835 2712 3890 Cosma
2766 3837 2825 3889 et
2878 3836 3154 3890 Damiano

546 3913 798 3968 Viennae
840 3920 976 3968 1660
1012 3933 1066 3985 p.
1097 3914 1329 3968 XXXVI
1366 3915 1462 3984 (ad
1498 3912 1620 3969 mir.
1651 3915 1788 3984 XX).
1846 3915 1976 3969 Non
2014 3916 2252 3970 adnotat
2286 3915 2554 3984 Dehnius,
2593 3932 2705 3984 quo
2734 3933 2802 3970 ex
2830 3915 2987 3970 fonte
3015 3917 3153 3970 hau-

547 3993 684 4048 serit
720 4010 864 4063 rem‚
912 4011 1093 4062 neque
1139 4011 1271 4049 vero
1319 3994 1379 4048 in
1425 3992 1672 4063 quinque
1734 3995 2007 4065 Stephani
2056 3995 2313 4065 epistulis
2362 3999 2428 4065 (v.
2467 3995 2728 4064 Bouquet
2780 3995 3010 4050 Recueil
3056 3997 3153 4051 des

544 4073 860 4127 Historiens
909 4074 978 4128 de
1023 4075 1081 4128 la
1126 4075 1340 4129 France
1386 4073 1436 4128 V
1466 4079 1569 4127 537
1587 4077 1730 4144 sqq.)
1786 4075 1970 4130 simile
2021 4076 2331 4145 quidquam
2385 4074 2588 4130 inveni.
2672 4077 2736 4130 In
2791 4076 3153 4131 Revelatione

546 4152 820 4223 Stephani
856 4153 1043 4222 Papae
1079 4155 1131 4208 II
1167 4154 1373 4223 (Mansi
1411 4153 1617 4209 Concil.
1657 4157 1698 4209 t.
1728 4156 1833 4209 XII
1858 4173 1912 4224 p.
1944 4161 2046 4210 556
2069 4158 2171 4226 sq.)
2210 4174 2251 4209 s.
2301 4154 2604 4224 Dionysius
2653 4172 2788 4209 sane
2834 4155 2894 4209 in
2938 4155 3154 4210 visione

546 4233 634 4286 illi
673 4236 935 4302 apparet,
973 4236 1163 4289 tamen
1203 4235 1272 4288 de
1310 4235 1599 4289 curatione
1645 4252 1744 4304 per
1782 4253 2080 4290 somnum
2117 4236 2274 4290 facta
2318 4235 2401 4289 nil
2449 4235 2671 4289 dicitur.
2749 4235 3066 4306 Stephanus
3102 4237 3154 4289 Π

544 4312 694 4367 idem
743 4331 809 4367 ac
845 4313 937 4367 ΠΙ.
987 4345 1053 4353 -
1102 4313 1359 4369 Ceterum
1413 4316 1564 4384 quod
1609 4315 1861 4368 Dehnius
1908 4316 1945 4370 1.
1992 4333 2033 4371 s.
2085 4316 2155 4370 de
2201 4334 2242 4370 s.
2291 4315 2534 4369 Martino
2582 4332 2733 4385 papa
2791 4316 2985 4385 affert,
3041 4334 3153 4370 non

547 4394 619 4448 ad
674 4391 1096 4447 incubationem
1149 4394 1408 4463 pertinet.
1487 4396 1631 4450 Sane
1696 4412 1845 4463 quae
1900 4395 2165 4465 leguntur
2217 4395 2278 4449 in
2333 4395 2452 4449 eius
2507 4412 2692 4465 papae
2749 4395 2995 4466 epistula
3051 4397 3153 4451 XV

545 4474 736 4544 Migne
774 4474 923 4528 Patr.
973 4473 1068 4528 lat.
1100 4476 1140 4528 t.
1171 4480 1238 4528 87
1277 4493 1330 4543 p.
1362 4481 1465 4530 200
1486 4475 1549 4531 G:
1600 4493 1730 4547 „eqo
1767 4477 1951 4546 itaque
1997 4481 2123 4530 ante
2167 4477 2344 4531 altare
2388 4478 2637 4532 ecclesiae
2683 4478 2938 4532 lectulum
2980 4495 3155 4532 meum

543 4555 804 4609 habebam
849 4556 913 4608 in
957 4571 1061 4623 quo
1108 4555 1378 4620 iacebam‚·
1424 4561 1474 4610 et
1517 4556 1764 4611 nondum
1815 4561 2097 4612 transacta
2139 4558 2321 4612 media
2363 4558 2503 4612 hora
2550 4574 2662 4612 ecce
2716 4559 2982 4613 exercitus
3030 4576 3156 4612 euni

547 4635 623 4688 eis
672 4636 890 4689 veniens
939 4635 1003 4688 in
1052 4636 1362 4690 ecclesiam“
1404 4651 1449 4690 e.
1488 4654 1540 4705 q.
1580 4653 1640 4706 s.‚
1687 4634 2109 4691 incubationem
2152 4636 2407 4706 sapiunt,
2457 4636 2791 4707 praesertim
2832 4654 2962 4691 eum
3003 4637 3154 4692 idem

544 4732 599 4787 p.
632 4719 735 4769 200
754 4714 800 4768 Β
849 4714 918 4769 de
956 4731 1015 4768 se
1051 4714 1173 4788 ipso
1221 4714 1398 4771 dicat:
1445 4734 1577 4788 „eqo
1621 4734 1746 4773 vero
1792 4719 1909 4789 ipse
1953 4718 2193 4790 yraviter
2241 4718 2496 4788 infirmus
2540 4723 2744 4773 eram.“
2814 4716 3029 4773 Tamen
3064 4733 3152 4772 res
