3611 5264
1181 324 1266 378 De
1303 323 1612 377 incubandi
1647 323 1852 378 ritibus
1890 323 2283 393 symbolisque.
2953 323 3038 387 41

432 487 598 650 pfelle
635 487 973 672 {tgbstrgta5
1006 487 1394 554 dormientes
1433 487 1682 552 somnia
1729 491 2096 572 exspectare
2144 485 2453 552 solebant.
2518 485 2732 574 (Paua
2769 486 2801 551 I
2839 487 2944 572 34,
2973 486 3041 572 53

434 608 468 650 c
499 638 511 650 .
540 609 600 669 p.
756 590 820 650 et
905 588 940 650 7
979 639 991 650 .

433 684 765 749 Calchanti
813 685 1077 749 arietem
1126 688 1338 749 atrum
1385 684 1826 768 immolabant,
1873 685 1941 747 in
1996 684 2176 749 cuius
2235 683 2402 767 pelle
2459 684 2862 748 dormiebant
2907 707 3042 747 ora-

428 782 570 847 cula
614 786 923 866 petentes,
1015 781 1279 869 (Strabo
1326 782 1421 848 VI
1451 783 1511 868 3,
1541 782 1581 845 9
1620 806 1680 867 p.
1710 783 1868 867 2843
1908 783 1985 847 cf.
2013 805 2073 865 p.
2108 782 2189 847 18
2230 786 2293 847 et
2330 779 2465 868 27.)

568 929 747 1000 Nigra
787 930 1056 985 animalia
1103 931 1328 985 omnino
1376 931 1462 985 dis
1501 929 1783 984 chthoniis
1823 930 2145 986 offeruntur.
2202 931 2270 986 cf.
2313 930 2541 1001 Stengel
2580 931 2671 987 Gr.
2710 930 3045 986 Kultusalt.²

571 1028 625 1079 p.
677 1016 778 1064 134
810 1029 890 1080 sq.
976 1011 1262 1066 Dieterich
1317 1011 1521 1065 Abrax.
1580 1029 1632 1080 p.
1684 1016 1785 1065 158
1815 1011 1880 1065 A.
1950 1011 2285 1081 Aesculapio
2342 1014 2407 1065 ut
2461 1030 2554 1066 sus
2608 1010 2691 1066 ita
2748 1011 2891 1064 aries
2941 1010 3043 1063 im-

569 1090 915 1159 molabatur,
954 1091 1207 1146 conferas
1245 1090 1569 1160 anaglypha
1609 1091 1744 1145 duo:
1801 1090 2059 1145 Panofka
2096 1091 2394 1162 Asklepios
2441 1110 2494 1148 u.
2534 1091 2626 1145 die
2663 1091 3045 1160 Asklepiaden

570 1169 714 1224 Abh.
755 1171 806 1227 d.
845 1171 990 1226 Berl.
1033 1171 1210 1226 Akad.
1252 1172 1302 1226 d.
1341 1170 1509 1225 Wiss.
1553 1176 1688 1225 1845
1728 1172 1843 1226 tab.
1874 1170 1952 1224 IV
1982 1178 2013 1224 2
2054 1171 2142 1240 (cf.
2181 1191 2234 1240 p.
2266 1177 2369 1225 303
2400 1174 2503 1241 sq.)
2543 1174 2601 1225 et
2637 1171 2839 1224 Girard
2875 1170 3043 1223 L’As-

571 1250 846 1320 clepieion
876 1251 1179 1305 d'Athenes
1199 1251 1312 1306 tab.
1335 1251 1428 1318 IV,
1459 1251 1801 1320 descriptum
1834 1251 1949 1305 iam
1979 1269 2013 1305 a
2040 1251 2266 1306 Duhnio
2297 1251 2515 1306 Griech.
2546 1251 2755 1306 Reliefs
2784 1250 3041 1304 Arch'aol.

573 1330 706 1386 Zeit.
747 1337 814 1385 35
855 1335 1035 1402 (1877)
1074 1350 1128 1401 p.
1172 1337 1274 1386 144
1320 1350 1403 1385 nr.
1435 1337 1466 1384 9
1516 1333 1678 1399 (saec.
1718 1331 1848 1401 1173:
1911 1332 2190 1402 supplices
2248 1333 2545 1386 adorantes
2600 1330 2935 1400 Aesculapio
2988 1333 3045 1384 et

571 1409 824 1479 Hygieae
872 1410 1105 1466 arietem
1154 1410 1409 1467 offerunt.
1484 1411 1566 1464 De
1605 1411 1780 1465 ariete
1818 1410 1900 1465 vis
1937 1411 2202 1482 genitalis
2241 1411 2402 1481 signo
2440 1431 2486 1465 v.
2525 1411 2848 1465 Friedreich
2888 1410 3044 1479 Sym·
3074 1405 3087 1412 '

572 1489 728 1543 bolik
757 1494 860 1545 etc.
891 1510 945 1561 p.
976 1497 1096 1546 489.
1162 1490 1369 1545 Veneri
1400 1493 1670 1557 saca-,est
1698 1493 1817 1559 „als
1843 1508 1951 1546 von
1977 1493 2253 1547 verliebter
2282 1493 2524 1559 Natur‚“
2598 1490 3046 1545 Preller-Robert

572 1569 788 1625 Griech.
846 1571 1196 1641 Mythologie
1249 1571 1274 1624 I
1320 1578 1439 1625 381.
1516 1571 1599 1624 De
1655 1571 1832 1625 ariete
1887 1571 1947 1624 in
2002 1571 2238 1641 magicis
2293 1590 2342 1626 v.
2397 1571 2554 1625 Riess
2611 1589 2651 1625 s.
2709 1590 2758 1625 v.
2813 1570 3044 1640 Abergl.

569 1668 621 1719 p.
657 1655 741 1716 77,
783 1658 864 1707 11.
905 1652 972 1707 cf.
1004 1652 1156 1721 quod
1183 1649 1445 1705 Vallachi
1484 1650 1725 1704 arietum
1763 1651 1953 1721 capita
1991 1651 2064 1705 ad
2093 1654 2308 1720 pestem
2346 1652 2647 1705 arcendam
2682 1651 2887 1704 idonea
2925 1666 3046 1703 esse

570 1732 798 1798 putant:
857 1731 1054 1786 Schott
1107 1730 1525 1785 Wallachische
1581 1730 1850 1786 Marchen
1896 1751 1949 1802 p.
1992 1737 2092 1785 301
2144 1732 2233 1800 (cf.
2277 1730 2599 1785 Friedreich
2642 1731 2678 1785 l.
2719 1748 2762 1785 0.
2813 1730 2942 1785 adn.
2974 1732 3041 1798 3).

570 1810 827 1878 Denique
865 1828 1232 1881 congeramus
1271 1826 1301 1863 e
1337 1810 1569 1879 papyris
1605 1811 1870 1879 magicis,
1916 1812 2121 1880 quibus
2158 1811 2296 1865 locis
2336 1811 2404 1864 de
2442 1810 2619 1865 ariete
2655 1812 2779 1864 atro
2817 1811 3044 1879 agatur:

472 1887 477 1893 ’
572 1889 731 1953 λίπος
767 1900 964 1961 κριοῦ
1012 1890 1301 1961 μέλανος
1346 1891 1583 1960 ἄρρενος
1626 1890 1983 1960 πρωτοτόκου
2020 1893 2118 1946 καὶ
2154 1890 2556 1960 πρωτοτρόφου
2591 1890 2771 1944 Wess.
2811 1889 2902 1943 Gr.
2943 1888 3044 1943 ZP.

574 1976 661 2038 47,
694 1978 914 2041 109280.
964 1972 1033 2027 cf.
1063 1977 1159 2039 48,
1192 1978 1325 2026 1101
1359 1989 1437 2040 sq.
1480 1968 1784 2043 ἐγκέφαλος
1820 1981 2017 2040 κριοῦ
2056 1969 2344 2041 μέλανος
2380 1971 2455 2026 ib.
2497 1977 2592 2038 53,
2623 1977 2776 2025 1314.
2852 1977 3047 2037 κριοῦ

571 2051 709 2119 (W.:
738 2071 927 2120 κρειου
945 2054 1096 2122 pap.)
1128 2049 1541 2121 ὁλομέλανος
1578 2050 1882 2123 ἐγκέφαλος
1907 2052 2087 2107 Wess.
2117 2052 2275 2106 Neue
2305 2050 2395 2106 Gr.
2428 2051 2528 2106 ZP.
2561 2057 2647 2118 38,
2677 2056 2780 2105 548
2812 2077 2879 2096 =
2907 2049 3044 2104 Ken.

576 2136 694 2199 101,
723 2137 841 2187 539.
919 2129 1058 2202 αἷμα
1104 2132 1312 2201 ἀρνὸς
1357 2131 1644 2201 μέλανος
1681 2132 1819 2187 Κο11.
1859 2151 1911 2201 p.
1947 2138 2047 2185 123
2088 2131 2282 2186 CXXV
2312 2138 2359 2185 2.
2419 2131 2487 2186 cf.
2527 2130 2601 2185 ib.
2646 2135 2772 2197 105,
2813 2133 2916 2182 652
2938 2144 3044 2196 sq.=

573 2208 710 2280 αἷμα
749 2211 1075 2282 μελαίνης
1111 2213 1243 2284 βοὸς
1278 2210 1312 2280 ἢ
1353 2211 1633 2284 ἆ[ρν]ὸς
1660 2256 1705 2267 ..
1746 2239 1815 2257 ---
1844 2212 2022 2267 Wess.
2062 2213 2131 2266 N.
2154 2212 2245 2266 Gr.
2271 2211 2371 2264 ZP.
2411 2217 2497 2277 44,
2531 2216 2630 2263 718
2653 2229 2761 2279 sq.,
2799 2209 2896 2277 qui
2947 2227 3046 2278 pro

572 2292 794 2363 ἀ[ρν]ὸς
830 2293 1113 2362 supplevit
1149 2293 1374 2364 α[ἰγ]ὸς.
1416 2293 1519 2362 (De
1557 2290 1715 2345 asino
1753 2290 1953 2360 nigro
1989 2291 2050 2344 in
2086 2291 2322 2361 magicis
2362 2291 2431 2345 cf.
2470 2290 2650 2345 Wess.
2689 2289 2781 2344 Gr.
2822 2289 2920 2342 ZP.
2961 2294 3048 2355 54,

577 2378 738 2427 1332:
788 2371 925 2427 ὄνου
970 2371 1207 2441 μέλανος
1252 2370 1414 2440 στέαρ
1455 2375 1512 2426 et
1546 2371 1724 2426 Wess.
1764 2372 1833 2427 N.
1873 2372 1965 2426 Gr.
1997 2372 2097 2426 ZP.
2129 2377 2215 2439 30,
2246 2376 2349 2423 310
2379 2398 2446 2416 =
2475 2370 2615 2425 Ken.
2646 2374 2743 2436 94,
2772 2375 2901 2424 301:
2950 2369 3047 2424 διὰ

576 2451 811 2521 αἵματος
849 2451 1009 2508 ὀνίου
1048 2452 1328 2522 μελάνου.)

427 2558 696 2645 Latinus
770 2580 1063 2645 Faunum
1135 2603 1250 2664 per
1333 2603 1630 2646 somnum
1712 2578 2125 2645 consulturus
2209 2582 2466 2644 centum
2548 2582 2788 2643 mactat
2872 2598 3048 2642 oves

437 2677 657 2840 (Vegg.
703 2677 863 2839 Agrii
910 2677 1040 2743 VH
1078 2679 1191 2763 933
1246 2678 1324 2742 cf.
1365 2676 1506 2765 87),
1551 2676 1767 2744 Numa
1813 2679 1969 2742 duas
2017 2674 2161 2763 (Ov.
2218 2678 2389 2742 Fast.
2449 2675 2544 2741 IV
2594 2674 2877 2762 652sq.).
2968 2675 3047 2740 cf.

435 2799 495 2859 p.
662 2779 726 2841 et
864 2829 876 2841 .

575 2914 707 2969 Ovis
753 2914 813 2970 in
860 2914 1289 2970 lustrationibus
1337 2914 1708 2981 sacrificatur,
1746 2933 1794 2969 v.
1835 2914 1990 2968 Diels
2029 2914 2140 2968 sib.
2181 2914 2264 2967 Bl.
2302 2933 2356 2982 p.
2386 2920 2472 2980 48,
2503 2919 2553 2980 2,
2584 2919 2614 2966 9
2664 2912 2755 2981 (de
2793 2929 2940 2982 agno
2978 2911 3046 2965 cf.

575 2995 650 3050 ib.
689 3015 743 3064 p.
775 3001 841 3049 69
874 2998 932 3049 et
962 2998 1114 3066 122);
1167 2995 1254 3050 dis
1293 2994 1575 3050 chthoniis
1614 2993 1871 3063 offertur,
1919 3013 1967 3051 v.
2006 2993 2329 3049 Friedreich
2370 2992 2664 3062 symbolik
2701 2994 2803 3046 etc.
2842 3010 2894 3061 p.
2927 2998 3046 3046 494.

571 3073 636 3128 In
680 3075 942 3145 magicis:
981 3076 1128 3147 ὑμὴν
1166 3075 1514 3148 προβάτου
1551 3073 1841 3143 μέλανος
1886 3075 2064 3131 WesS.
2108 3074 2199 3129 Gr.
2241 3075 2341 3130 ZP.
2382 3080 2479 3141 41,
2519 3079 2622 3128 814
2655 3091 2733 3140 sq.
2810 3075 3049 3127 λευκοῦ

579 3155 655 3210 ib.
687 3161 789 3210 817
812 3174 891 3225 sq.
953 3156 1148 3228 ὄνυχες
1183 3155 1532 3228 προβάτου
1569 3155 1815 3225 Parthey
1848 3161 1967 3223 154,
2000 3162 2116 3210 142.
2178 3155 2247 3209 cf.
2281 3154 2454 3209 etiam
2480 3153 2642 3209 Riess
2672 3172 2713 3233 s.
2743 3172 2791 3207 v.
2821 3152 3047 3221 Abergl.

575 3254 627 3305 p.
662 3239 745 3291 77.

435 3361 703 3444 Mopsus
752 3362 1081 3428 incubanti
1138 3365 1438 3449 imperat,
1485 3368 1560 3428 ut
1606 3367 1881 3428 taurus
1926 3367 2092 3427 ater
2138 3362 2266 3427 sibi
2311 3362 2768 3428 immolaretur.
2852 3359 3048 3448 (Plut.

438 3460 515 3522 de
554 3457 673 3521 def.
714 3480 802 3522 or.
831 3458 917 3523 45
956 3484 1017 3544 p.
1045 3459 1385 3548 434EJF.)

439 3554 788 3620 Acharacis
862 3577 1008 3621 cum
1080 3558 1425 3644 panegyris
1490 3558 1958 3642 celebrabatur,
2024 3559 2285 3622 iuvenes
2367 3558 2525 3623 nudi
2598 3560 2791 3640 atque
2872 3556 3051 3620 uncti

438 3653 705 3718 meridie
752 3657 1009 3719 taurum
1056 3654 1123 3719 in
1163 3655 1555 3720 Chai-onium
1603 3661 1862 3721 antrum
1910 3656 2322 3739 deducebant,
2369 3656 2482 3719 ubi
2528 3654 2862 3738 paululum
2908 3676 3053 3737 pro-

439 3751 643 3914 fecgtlis
689 3752 956 3915 cagaat
1002 3753 1413 3839 animumque
1472 3755 1856 3839 exspirabat.
1915 3751 2179 3841 (Strabo
2210 3752 2368 3818 XIV
2420 3755 2477 3838 1,
2505 3753 2593 3818 44
2647 3776 2707 3836 p.
2738 3749 2915 3838 650.)
2972 3752 3050 3817 cf.

435 3872 496 3932 p.
652 3854 716 3914 et
852 3900 866 3916 .

578 3996 660 4051 De
721 3998 900 4067 nigris
967 3997 1311 4053 animalibus
1377 3999 1445 4054 cf.
1513 4017 1696 4069 supra.
1771 3999 1945 4054 Tauri
1982 3999 1995 4010 ⁹
2010 3998 2372 4054 immolantur
2425 4000 2486 4054 in
2547 4000 2703 4053 cultu
2767 3999 3051 4067 chthoniO,

579 4095 628 4131 v.
666 4076 953 4132 Dieterich
992 4077 1245 4133 Abraxas
1282 4098 1336 4148 p.
1371 4085 1471 4133 158
1492 4079 1555 4132 A.
1631 4080 1785 4134 Inter
1841 4079 2113 4134 sacrificia
2159 4079 2495 4149 Aesculapio
2546 4078 2829 4134 offerenda
2874 4079 3051 4133 nomi-

580 4158 748 4210 natur
786 4160 936 4229 βοῦς,
967 4158 1218 4212 Herodas
1255 4159 1334 4213 IV
1365 4164 1446 4213 15.
1504 4159 1571 4213 cf.
1614 4159 1939 4214 Philostrat.
1977 4159 2044 4214 V.
2075 4159 2331 4229 Apollon.
2362 4160 2387 4213 I
2419 4165 2484 4213 10
2521 4176 2625 4213 nec
2666 4176 2777 4213 non
2818 4159 3049 4229 Ephem.

580 4236 729 4291 arch.
775 4242 910 4290 1899
957 4256 1010 4307 p.
1043 4244 1093 4305 2,
1136 4244 1199 4291 18
1231 4257 1377 4308 sqq.:
1434 4243 1524 4293 τόι
1560 4236 1909 4294 Ἀσσκλαπιόι
1957 4240 2103 4294 θύεν
2140 4239 2279 4311 βόΙν
2325 4239 2519 4308 ἔρσενα
2556 4241 2653 4294 καὶ
2696 4238 3000 4308 Ῑιομονάοις
3039 4239 3047 4311 Ι

579 4318 683 4387 βόν
719 4316 916 4385 ἔρσενα
951 4317 1047 4371 καὶ
1083 4318 1428 4390 ῙιομονοὶαΙις
1464 4320 1568 4390 βόν
1614 4316 1857 4374 θέλειαν.
1933 4318 2185 4389 Aeginae
2227 4318 2431 4374 Terrae
2478 4319 2735 4374 sacerdos
2781 4319 3051 4373 vaticina-

580 4398 709 4449 tura
746 4395 895 4450 tauri
934 4397 1266 4466 sanguinem
1300 4399 1567 4467 bibebat,
1605 4398 1934 4468 priusquam
1970 4398 2030 4452 in
2068 4416 2265 4468 specus
2304 4400 2689 4454 descenderet:
2738 4399 2881 4453 Plin.
2919 4399 3049 4454 hist.

578 4479 693 4530 nat.
736 4481 821 4542 28,
851 4483 900 4543 9,
929 4481 1014 4532 41.
1084 4477 1152 4532 cf.
1194 4478 1263 4532 de
1302 4479 1499 4533 eadem
1537 4496 1596 4533 re
1632 4479 1872 4533 Pausau.
1911 4478 1972 4532 in
2009 4478 2271 4533 Achaicis
2306 4480 2408 4533 VII
2438 4486 2523 4547 25,
2556 4485 2647 4533 13:
2684 4476 2950 4533 πίνουσαι
2988 4478 3050 4531 δὲ

581 4552 746 4625 αἷμα
802 4556 1063 4624 ταύρου
1110 4557 1506 4626 δοκιμάζονται
1555 4562 1647 4629 (sc.
1695 4556 1960 4612 mulieres
2012 4560 2385 4613 sacerdotium
2435 4562 2736 4630 petentes)·
2789 4556 2823 4625 ἢ
2869 4554 2924 4611 δ’
2977 4555 3050 4611 ἂν

582 4635 767 4691 αὐτῶν
793 4636 930 4707 τύχῃ
961 4635 1035 4705 μὴ
1064 4636 1440 4706 ἀληθεύουσα,
1469 4637 1669 4694 αὐτίκα
1701 4639 1761 4693 ἐκ
1788 4638 1990 4693 τούτου
2017 4639 2118 4709 τὴν
2148 4637 2313 4709 δίκην
2342 4639 2511 4711 ἔσχεν.
2569 4638 2800 4691 Constat
2826 4640 3050 4691 taurum

585 4714 832 4787 Dionyso
853 4733 1072 4770 sacrum
1091 4715 1265 4771 fuisse
1286 4735 1499 4790 „weqew
1524 4721 1701 4777 semer
1718 4718 2057 4775 mitwildem
2076 4721 2194 4775 wad
2221 4720 2589 4776 stibrmischem
2616 4718 2808 4773 Wesem
2824 4719 3052 4774 verbun-
