3611 5264
397 329 481 392 17,
505 329 730 393 12-19,
753 328 819 377 15
1513 320 1890 390 Therapontis
2872 320 3002 383 129

388 491 505 576 νίᾳ
550 490 982 571 διενεγκοῦσα
1028 484 1233 572 ῥᾷστα
1277 488 1503 572 πόρρω
1551 483 1801 570 ἠνέχθη
1850 483 1959 550 καὶ
2006 492 2127 550 τοῦ
2171 485 2546 569 νοσήματος
2704 482 3004 571 ἀρρήτως

395 590 818 673 ἰατρευθεῖσα
862 586 1041 670 παρὰ
1086 593 1208 649 τοῦ
1253 583 1603 670 μάρτυρος.

571 684 736 749 ἀλλὰ
783 686 855 747 τί
892 707 1005 768 μοι
1043 691 1269 766 ταῦτα,
1315 692 1451 747 τῶν
1485 680 1918 766 θερμοτέρων
1955 705 2055 757 τις
2091 683 2358 758 εἰκότως
2397 679 2551 765 ἐρεῖ,
2596 682 2813 767 παρὸν
2850 684 3006 756 τοὺς
3026 693 3101 748 18

393 792 524 848 νῦν
571 779 1168 866 κατακλινομένους
1212 780 1612 863 θεάσασθαι,
1747 778 1859 844 καὶ
1906 777 2064 864 μεθ’
2117 778 2362 864 ἡμέρας
2409 779 2635 844 ἐλθεῖν
2679 776 2788 843 καὶ
2838 780 3008 844 ἰδεῖν

395 881 553 956 τοὺς
599 882 751 966 ἄρτι
796 879 1169 963 πάσχοντας
1330 875 1834 964 ἀνερρωμένους
1888 876 1999 942 καὶ
2056 878 2429 963 σώφρονας.
2582 875 2748 941 ἀλλὰ
2802 877 3009 941 καλὸν

398 976 508 1042 καὶ
569 977 954 1063 ἀνάγραπτα
1124 984 1330 1041 ταῦτα
1384 986 1604 1040 ποιεῖν
1665 977 1833 1061 πρὸς
1901 974 2262 1060 ἐγκώμιον·
2424 976 2513 1059 μὴ
2568 975 2695 1059 γάρ
2752 976 3012 1058 ἔχοντες

395 1074 648 1153 ἔξωθεν
693 1076 1016 1160 εὐφημεῖν
1062 1083 1202 1150 τοῖς
1259 1076 1484 1157 λόγοις
1538 1075 1656 1139 τὸν
1711 1075 1974 1139 δίκαιον
2167 1071 2411 1149 αὐτοὺς
2455 1083 2591 1137 τῶν
2642 1072 3010 1156 θαυμάτων
3028 1095 3053 1135 5

392 1175 551 1249 τοὺς
595 1181 1006 1259 χαρακτῆρας
1052 1171 1491 1257 ἐγγράφομεν,
1621 1171 1894 1247 ἱκανοὺς
1939 1173 2137 1248 ὄντας
2183 1170 2478 1257 ἐπαίρειν
2522 1178 2645 1235 τοῦ
2692 1169 3011 1254 ἐγκωμια-

399 1270 676 1355 ζομένου
722 1271 840 1335 τὸν
885 1273 1178 1335 ἔπαινον.

573 1369 937 1455 αἱμόρρους
978 1371 1216 1434 τοίνυν
1260 1369 1435 1452 γυνὴ
1482 1369 1845 1452 σεμνοτάτη
1892 1366 1957 1445 ἐξ
2005 1367 2174 1433 ἐτῶν
2212 1365 2371 1433 ἑπτὰ
2415 1377 2494 1453 τῇ
2542 1365 2729 1453 ῥύσει
2775 1390 3010 1451 μαραι-

396 1464 643 1551 νομένη
688 1475 810 1531 τοῦ
858 1466 1132 1551 αἵματος
1247 1464 1570 1551 ᾐσχύνετο
1617 1466 1934 1549 ἠδημόνει
1980 1465 2214 1551 ἠπόρει
2261 1466 2362 1531 ὅτι
2406 1464 2518 1530 καὶ
2565 1465 2893 1551 δράσειεν,

398 1564 769 1630 ἀπειποῦσα
816 1565 1053 1629 λοιπὸν
1097 1570 1187 1651 τῷ
1236 1565 1454 1651 χρόνῳ
1500 1564 1621 1646 τὴν
1671 1569 1870 1629 ἴασιν.
1996 1563 2162 1648 αὕτη
2201 1570 2647 1647 κατηχηθεῖσα
2684 1559 2835 1648 περὶ
2872 1572 3008 1627 τῶν
3031 1586 3082 1625 10

401 1663 697 1727 ἐνταῦθα
742 1663 921 1748 παρά
965 1685 1146 1737 τινος
1262 1662 1597 1746 δρομαίως
1644 1660 1749 1726 ἐπὶ
1795 1661 1877 1726 τὰ
1912 1670 2036 1727 τοῦ
2072 1661 2406 1748 μάρτυρος
2453 1661 2621 1726 ἵεται
2668 1662 2964 1738 λείψανα.

399 1757 509 1824 καὶ
555 1761 818 1836 τούτοις
861 1759 1264 1843 ὑγιασθεῖσα
1316 1757 1428 1824 καὶ
1484 1760 1724 1844 στερρὰ
1769 1756 2095 1844 γενομένη
2137 1768 2229 1847 τῷ
2277 1760 2528 1844 σώματι
2697 1768 2776 1845 τῇ
2822 1760 3011 1844 τρίτῃ

403 1856 614 1944 ἡμέρᾳ
659 1860 916 1923 τελείαν
971 1856 1012 1941 ἠ
1068 1859 1427 1944 ἄνθρωπος
1602 1855 1713 1921 καὶ
1759 1856 2054 1922 ὁθενοῦν
2100 1859 2310 1934 ὅντως
2355 1857 2702 1922 ἀνάπλεων
2889 1857 3013 1938 τὴν

398 1956 607 2039 φύσιν
652 1956 775 2038 τὴν
821 1953 1056 2039 ἑαυτῆς
1102 1954 1568 2041 ἀνεγνώρισεν,
1693 1957 2085 2040 μηδαμόθεν
2130 1953 2515 2041 μεριζομένη
2561 1953 2602 2037 ἢ
2649 1950 3010 2037 κενουμένη

397 2060 490 2139 τῷ
545 2050 975 2137 ἀσθενήματι.
1146 2051 1357 2128 οὕτως
1411 2051 1733 2137 ἀφθόνως
1779 2052 1948 2138 ἀνήρ
2003 2076 2073 2118 τε
2126 2050 2237 2118 καὶ
2283 2054 2568 2138 γύναιον
2765 2051 3012 2118 ἐνθάδε
3031 2073 3083 2113 15

399 2148 823 2236 προστρέχων
886 2150 1050 2215 κατὰ
1105 2151 1179 2215 τὸ
1230 2155 1377 2215 ἴσον
1423 2149 1714 2236 εὑρίσκει
1768 2152 1893 2234 τὴν
1948 2157 2147 2216 ἴασιν.
2241 2149 2410 2235 [ἀλλ’
2485 2149 2551 2228 ἐξ
2614 2148 2856 2236 ἑτέρων
2901 2147 3008 2233 ἐφ’

394 2244 584 2334 ἕτερά
628 2271 710 2332 με
755 2247 1029 2330 ἀπάγων
1074 2246 1109 2312 ὁ
1158 2250 1355 2331 λόγος
1391 2245 1550 2313 οὐδὲ
1587 2251 1999 2334 βουλόμενον
2045 2248 2119 2336 ἐᾷ
2163 2248 2468 2332 σιωπᾶν]

571 2344 922 2430 Στέφανος
969 2347 1095 2428 γάρ
1142 2368 1243 2421 τις
1302 2346 1703 2432 στρατιώτης
1757 2355 1879 2412 τοῦ
1934 2349 2216 2430 στίφους
2269 2358 2403 2411 τῶν
2446 2344 2811 2429 Ἀρμενίων
2865 2344 3012 2428 ἠμί·
3033 2355 3111 2409 19

398 2441 593 2527 ξηρος
637 2444 927 2526 γεγονὼς
973 2443 1126 2518 ὅλος
1172 2440 1278 2507 ἐπὶ
1325 2452 1452 2527 γῆν
1499 2444 1894 2528 συγκεκύφει
1932 2446 2404 2528 καμπτόμενος.
2530 2441 2675 2509 ἀλλ’
2710 2444 3013 2528 ἀπῆλθεν

396 2540 605 2625 ὀρθὸς
650 2539 758 2605 καὶ
806 2540 1185 2626 ὁλόκληρος,
1329 2542 1888 2624 παραμεμενηκὼς
1941 2540 2173 2624 ὀλίγον
2227 2548 2320 2629 τῷ
2378 2543 2639 2629 ἰατρείῳ
2686 2550 2808 2606 τοῦ
2852 2541 3010 2626 μάρ-

396 2662 612 2725 τυρος.
838 2662 844 2667 ·

578 2738 780 2814 ἄλλος
824 2734 901 2802 δὲ
944 2739 1149 2803 πάλιν
1192 2738 1513 2823 νεώτερος
1639 2736 2021 2825 (Θεόδωρος
2066 2732 2151 2820 ἦν
2196 2738 2374 2825 αὐτῷ
2421 2740 2652 2822 ὄνομα,
2789 2737 3010 2817 ἐξκου-
3032 2759 3058 2800 5

397 2836 604 2920 βίτωρ
651 2834 903 2921 ὑπῆρχε
947 2837 1022 2900 τὸ
1070 2833 1467 2923 στράτευμα)
1665 2844 1759 2923 τῷ
1804 2837 1984 2923 αὐτῷ
2032 2835 2397 2920 κατεσχέθη
2444 2838 2786 2920 νοσήματι.

398 2930 545 2997 ἀλλ’
617 2932 697 2997 οὐ
756 2938 1025 2998 πολλῶν
1093 2935 1513 3017 προσεδριῶν
1577 2932 1848 3016 ἐδεήθη·
1911 2933 2079 3018 ὁμοῦ
2139 2935 2267 3019 γὰρ
2330 2935 2569 3018 σχεδὸν
2626 2942 2718 3021 τῷ
2783 2932 3011 2999 ἐλθεῖν

395 3030 670 3114 ἠλεήθη,
715 3030 826 3096 καὶ
871 3031 1068 3115 ὑγιὴς
1113 3031 1554 3115 ἀντανήλυθε.

573 3132 673 3205 τίς
703 3131 1128 3215 διατρήσεσιν
1217 3129 1258 3213 ἢ
1298 3129 1602 3215 ἐξοχάσιν
1638 3129 2109 3215 ἀθεραπεύτως
2153 3140 2377 3196 νοσῶν
2421 3129 2461 3214 ἢ
2507 3132 2962 3215 ψυχιζόμενος,

400 3225 441 3308 ἢ
488 3224 600 3291 καὶ
647 3227 864 3304 ἄλλως
908 3230 1178 3311 κάμνων
1223 3230 1298 3294 τὸ
1341 3240 1528 3313 σῶμα
1573 3226 1683 3293 καὶ
1721 3228 1846 3311 τὴν
1890 3230 2112 3312 ψυχὴν
2147 3230 2629 3313 χειμαζόμενος,
2732 3228 2773 3311 ἢ
2809 3250 3009 3314 πυρε-
3030 3249 3085 3289 ιο

395 3332 535 3398 τοῖς
588 3325 993 3408 περιοδικοῖς
1036 3349 1106 3389 τε
1158 3323 1270 3391 καὶ
1317 3327 1601 3411 φαύλοις
1657 3328 2251 3410 καταφλεγόμενος,
2386 3333 2478 3413 τῷ
2537 3327 2703 3412 θείῳ
2765 3326 3011 3390 τούτου

395 3419 762 3504 πλησιάσας
798 3442 938 3498 πως
973 3424 1234 3509 ἰατρείῳ
1265 3423 1347 3488 οὐ
1374 3424 1597 3508 ψυχὴν
1622 3419 1745 3507 μὲν
1768 3433 2038 3508 πρῶτον
2062 3422 2132 3487 ἐκ
2174 3431 2290 3507 τῆς
2320 3425 2551 3499 κακίας
2573 3421 3010 3508 ἀνεκαθάρθη

397 3515 508 3582 καὶ
555 3517 768 3595 οὕτως
813 3521 888 3583 τὸ
936 3530 1123 3604 σῶμα
1166 3525 1411 3606 πλῆρες
1456 3519 1813 3605 ἀπέλαβεν;
1936 3520 2109 3585 οὕτω
2148 3520 2273 3606 γάρ
2313 3515 2496 3605 οἶμαι
2532 3517 2644 3585 καὶ
2684 3522 3012 3607 ἰατρεύειν

408 3618 605 3680 Θεόν·
649 3626 917 3703 πρῶτον
960 3613 1084 3701 μὲν
1129 3619 1252 3701 τὴν
1297 3620 1518 3703 ψυχὴν
1567 3620 1800 3683 ἰᾶσθαι
1847 3626 1968 3682 τοῦ
2014 3617 2401 3702 κάμνοντος,
2565 3614 2651 3682 δι’
2706 3617 2792 3702 ἣν
2837 3618 3012 3693 εἰκὸς

396 3710 508 3777 καὶ
553 3715 627 3779 τὸ
674 3725 862 3799 σῶμα
906 3715 1310 3799 παιδεύεται,
1416 3711 1545 3781 εἶθ’
1602 3715 1813 3791 οὕτως
1839 3714 1950 3780 καὶ
1977 3715 2190 3803 τούτῳ
2236 3717 2359 3799 τὴν
2405 3716 2804 3801 ὁλοκληρίαν
2847 3739 3012 3802 παρ-
3032 3735 3084 3778 15

580 3981 645 4031 12
685 3975 859 4047 ράστα
905 3980 1268 4051 δϊένεγκοῦσα
1305 3978 1364 4034 M
1399 3981 1418 4051 ΙΙ
1456 3984 1539 4051 18,
1562 3988 1590 4035 1
1638 3976 1693 4036 τί
1737 3981 1915 4036 ταύτα
1959 3978 2419 4045 πολυπλασιάζεις
2463 3979 2535 4034 τὰ
2572 3979 2831 4036 ἔκπαλαι·
2883 3978 3013 4044 ἴσως

402 4061 568 4126 τινες,
606 4062 790 4129 ψευδῆ
819 4059 1194 4132 ὑπὸλάβωσιν·
1237 4061 1287 4115 εἰ
1315 4062 1483 4132 βούλη
1513 4060 1577 4116 δὲ
1614 4061 1810 4132 νεὸστῆ
1849 4061 1993 4117 ἰδεῖν
2031 4060 2428 4131 ἐνεργούμενα·
2457 4063 2588 4129 post
2616 4061 2729 4130 ἐρεῖ
2766 4061 2893 4116 add.
2916 4062 3008 4134 ΜΙ
3049 4052 3056 4059 ’

401 4138 588 4206 παρὸν
624 4137 675 4191 A
707 4141 716 4208 Ι
745 4138 995 4210 πάρασχε
1031 4141 1092 4194 Μ
1123 4144 1131 4213 Ι
1164 4147 1196 4194 2
1234 4140 1560 4196 θεάσασθαι
1598 4142 1648 4195 A
1705 4141 1784 4204 εἰς
1820 4140 2013 4210 θέαμα
2049 4141 2107 4194 Μ
2149 4143 2158 4209 Ι
2200 4138 2329 4195 ἐλθὲ
2366 4140 2425 4192 Μ
2467 4143 2474 4209 Ι
2517 4139 2657 4203 ἴδεις
2691 4140 2752 4194 Μ
2793 4144 2802 4211 Ι
2845 4148 2877 4194 3
2916 4142 3012 4197 ναὶ

400 4220 543 4288 δῆτα
579 4217 899 4288 συνείποιμϊ
932 4223 1028 4276 καὶ
1063 4220 1255 4294 ἀυτόςζ-
1293 4225 1426 4293 post
1472 4223 1766 4291 σώφρονας
1813 4221 1940 4276 add.
1971 4221 2030 4273 M
2080 4224 2088 4291 Ι
2138 4227 2173 4275 4
2211 4220 2316 4290 γὰρ
2365 4237 2470 4274 om.
2509 4221 2568 4273 M
2609 4223 2617 4290 Ι
2660 4226 2692 4274 5
2731 4222 2935 4285 αὐτοὺς
2962 4222 3015 4275 Α

400 4295 526 4351 ἐπεῖ
569 4297 675 4369 γὰρ
713 4301 843 4361 τοὺς
877 4300 936 4352 Μ
968 4304 976 4371 Ι
1010 4307 1041 4355 6
1079 4304 1209 4365 τοὺς
1245 4319 1350 4357 om.
1390 4301 1448 4354 M
1481 4305 1489 4371 Ι
1525 4307 1590 4355 10
1628 4302 1768 4371 αὐτὴ
1807 4301 1857 4354 A
1889 4304 1897 4371 Ι
1933 4306 1996 4353 11
2038 4300 2305 4356 ἐντεῦθεν
2334 4299 2530 4355 addito
2568 4301 2882 4371 θάΰμάτων
2918 4301 3010 4373 ΜΙ

399 4377 796 4447 ἰ’ἐρομάρτυρος
844 4379 905 4433 Μ
968 4382 976 4450 Ι
1038 4387 1102 4435 12
1152 4383 1533 4452 πρὸσμεῖνασα
1583 4382 1681 4436 καὶ
1729 4383 1861 4451 post
1909 4381 2130 4443 τούτοις
2181 4380 2308 4433 add.
2348 4379 2409 4433 M
2465 4383 2474 4450 Ι
2532 4381 2871 4451 ἀγιάσθεῖσα
2918 4380 3008 4453 ΜΙ

401 4463 467 4511 13
504 4457 683 4513 τελεία
719 4457 793 4527 ἣν
828 4459 888 4513 M
927 4462 936 4530 Ι
977 4460 1222 4517 ὁθενοῦν
1258 4463 1309 4518 Α
1364 4459 1680 4517 σθένουσαν
1715 4461 1776 4514 Μ
1815 4465 1826 4531 Ι
1868 4465 1934 4516 14
1978 4461 2081 4530 τὴν
2127 4460 2327 4529 ἐάυτῆς
2364 4461 2536 4531 φύσιν
2587 4461 2882 4531 ἐγνώρισεν
2918 4461 3008 4533 ΜΙ

400 4538 759 4609 μεριζομένην
810 4537 846 4608 ἣ
897 4541 1241 4611 κενουμένην
1274 4542 1335 4596 Μ
1393 4545 1402 4612 Ι
1454 4547 1519 4595 15
1573 4541 1637 4595 τὸ
1692 4539 2062 4611 ἀσθενήματα
2107 4541 2166 4593 Μ
2217 4544 2224 4610 Ι
2287 4547 2351 4595 16
2408 4540 2552 4596 κατὰ
2604 4541 2667 4595 τὸ
2711 4540 2840 4596 ’ἴσον
2885 4544 3014 4610 post

400 4616 674 4686 ἀφθόνως
719 4620 780 4674 Μ
814 4620 834 4693 ΙΙ
875 4625 958 4690 19,
988 4626 1019 4674 6
1068 4619 1386 4693 στράταγμα
1423 4621 1473 4674 A
1532 4624 1541 4692 Ι
1604 4626 1634 4675 7
1673 4619 1791 4676 ἀλλ’
1837 4622 1903 4676 οὐ
1941 4621 1991 4674 A
2046 4621 2226 4675 ἀπλού
2263 4620 2322 4672 Μ
2376 4624 2385 4691 Ι
2445 4620 2521 4674 ἐδ.
2561 4623 2818 4690 προσεδρ.
2859 4621 3009 4695 ΑΜΙ

398 4698 462 4752 τὸ
499 4697 619 4754 AM
649 4703 659 4772 Ι
690 4705 722 4754 8
772 4699 1142 4757 ἀντανέλυσεν
1178 4702 1237 4756 Μ
1269 4707 1277 4773 Ι
1312 4708 1376 4757 11
1414 4703 1590 4778 τούτῳ
1627 4701 1678 4756 Α
1709 4703 1718 4777 Ι
1753 4707 1820 4757 12
1857 4720 1975 4766 πως
2011 4718 2117 4756 om.
2155 4701 2206 4753 A
2236 4703 2247 4769 Ι
2280 4699 2449 4772 ἰατρῷ
2485 4701 2536 4753 A
2568 4703 2576 4770 Ι
2612 4707 2679 4755 14
2715 4704 2806 4756 θῶ
2843 4701 2903 4755 Μ

506 4798 548 4840 D
560 4810 585 4841 ο
595 4810 627 4840 u
635 4798 666 4840 b
676 4811 709 4840 n
718 4811 743 4841 ο
753 4811 778 4841 ι·
786 4830 799 4856 ,
829 4801 885 4842 de
913 4800 1223 4844 incubatione.
2552 4794 2584 4846 9
