3611 5264
589 319 675 382 90
1733 316 1916 386 Caput
1951 318 2042 370 IV.

777 481 1151 566 Apparebat
1197 482 1367 547 enim
1414 481 1481 547 in
1534 482 1676 546 vico
1735 481 1847 545 illo
1902 503 2102 565 prope
2159 479 2491 565 Canopum
2546 482 2671 546 sito
2728 481 2986 564 quidam
3041 482 3204 546 eius-

589 582 735 645 dem
798 581 1080 646 nominis
1154 580 1426 645 daemon
1443 578 1522 666 ¹),
1596 580 1705 663 qui
1772 579 2046 644 oraculis
2109 601 2228 645 nec
2289 602 2421 645 non
2485 579 2783 644 remediis
2847 580 3204 645 indicandis

586 680 1078 745 christianorum
1145 700 1397 762 quoque
1450 677 1796 743 nonnullos
1852 701 1890 742 a
1948 682 2122 742 recta
2189 679 2296 742 via
2352 678 2736 743 declinabat:
2793 679 3049 763 δαίμων
3102 703 3204 755 τις

587 778 862 863 ζοφερὸς
906 774 1016 842 καὶ
1065 777 1432 860 Αἰγύπτιος
1484 776 1877 862 ἀνεφαίνετο
1923 778 2294 861 Μενουθὴς
2350 774 2420 864 (1.
2467 773 2851 863 Μένουθις)
2907 778 3203 862 τοῦνομα

588 874 820 960 κώμην
864 876 1067 941 οἰκῶν
1101 875 1221 958 τὴν
1255 874 1627 960 ἐπώνυμον,
1662 876 1967 958 θήλεως
1999 876 2268 961 μορφὴν
2306 876 2949 961 προσποιούμενος..
2973 871 3202 952 ,οὗτος

589 973 625 1038 ὁ
665 974 925 1058 δαίμων
955 972 990 1039 ὁ
1026 974 1363 1049 σκοτεινὸς
1400 973 1487 1048 ὡς
1516 974 1913 1056 Αἰγύπτιος,
1944 972 1979 1039 ὁ
2011 974 2422 1060 θηλύφρων
2459 973 2629 1058 ὁμοῦ
2668 971 2778 1038 καὶ
2819 975 3202 1059 θηλύμορ-

585 1096 714 1155 φος
775 1123 787 1136 .
836 1121 850 1136 .
908 1124 920 1136 .
985 1073 1525 1157 προφητεύειν
1583 1070 1693 1136 καὶ
1753 1074 2041 1147 νόσους
2106 1073 2510 1157 ἰατρεύειν
2566 1122 2580 1135 .
2640 1123 2652 1136 .
2709 1122 2724 1135 .
2782 1071 3198 1158 ἐτερατεύετο

584 1171 925 1255 φάσμασιν
973 1168 1079 1254 Sp.
1117 1169 1194 1234 R.
1233 1167 1329 1233 III
1367 1169 1451 1232 66
1474 1191 1610 1252 sqq.
1641 1201 1724 1222 =
1754 1169 1842 1234 M.
1873 1169 2047 1233 3409
2068 1170 2140 1234 B.
2190 1168 2588 1257 (Κανώπου)
2637 1170 3030 1254 ἀφεστῶσαν
3073 1173 3200 1236 κώ-

584 1293 717 1353 μην
763 1272 1058 1352 σημείοις
1105 1268 1228 1333 ὃύο
1276 1270 1608 1352 Μενουθῆ
1624 1266 1718 1356 (P)
1767 1264 1943 1352 εἶχεν
1990 1268 2162 1334 οὕτω
2208 1270 2625 1353 καλούμενον
2669 1269 2979 1352 εἴδωλον,
3026 1269 3100 1334 ἐν
3145 1261 3200 1357 ᾧ

590 1376 898 1452 φανερῶς
946 1366 1209 1452 ἐνήργει
1247 1369 1326 1431 τά
1362 1368 1703 1450 πνεύματα
1742 1366 1849 1451 Sp.
1887 1366 1964 1430 R.
2002 1366 2097 1431 IV
2125 1366 2258 1430 240
2292 1399 2375 1420 =
2406 1366 2492 1431 M.
2523 1366 2696 1431 3688
2716 1366 2795 1431 D.
2844 1366 2917 1432 ἐν
2953 1359 3007 1454 ᾦ
3053 1370 3197 1454 γὰρ

588 1468 794 1553 τόπῳ
842 1466 1138 1551 ὑπῆρχεν
1183 1466 1257 1530 τὸ
1317 1476 1451 1529 τῶν
1505 1465 1716 1548 ἁγίων
1771 1465 2008 1551 Κύρου
2062 1463 2171 1529 καὶ
2223 1463 2537 1531 Ἰωάννου
2597 1465 2975 1551 εὐκτήριον,
3034 1467 3200 1551 πρὸς

586 1575 729 1641 ταῖς
764 1564 1055 1649 ψάμμοις
1093 1564 1349 1647 δαίμων
1385 1562 1762 1649 ἀκάθαρτος
1799 1562 2277 1647 ἐπεφαίνετο
2316 1562 2390 1628 ἐν
2427 1565 2588 1628 εῖδει
2623 1568 2952 1646 θηλείας
2987 1574 3200 1630 ποιῶν

581 1666 949 1747 φαντασίας
1010 1663 1259 1737 πολλὰς
1317 1660 1426 1726 καὶ
1487 1664 1866 1746 μαντείας
1923 1663 2141 1726 δοκῶν
2197 1660 2416 1744 λέγειν
2463 1713 2476 1726 .
2526 1713 2538 1727 .
2588 1714 2600 1726 .
2658 1661 2768 1727 καὶ
2825 1662 3202 1746 ἐπιταγάς

579 1785 784 1826 τινων
842 1759 1279 1846 φαρμάκων
1348 1763 1855 1845 τερατευόμενος
1914 1812 1927 1825 .
1985 1811 1998 1825 .
2057 1812 2070 1825 .
2133 1758 2553 1844 ἐπωνόμαζον
2618 1757 2692 1824 δὲ
2755 1760 2915 1825 αὐτὸ
2973 1759 3086 1847 (sc.
3125 1763 3199 1826 τὸ

585 1857 963 1945 δαιμόνιον)
994 1859 1066 1924 οἱ
1090 1859 1448 1942 Αἰγύπτιοι
1487 1856 1927 1946 Μενουθῆ(Ῥ)
1967 1858 2073 1943 Sp.
2112 1857 2188 1921 R.
2226 1857 2321 1922 IV
2358 1856 2488 1922 245
2511 1880 2601 1941 sq.
2633 1890 2718 1911 =
2747 1858 2833 1923 M.
2855 1858 3117 1924 369313.
3133 1858 3198 1924 C.

582 1957 980 2022 Christianos
1047 1978 1298 2040 quoque
1353 1980 1391 2020 a
1446 1958 1780 2022 daemonio
1840 1957 1951 2022 illo
2012 1957 2318 2042 pellectos
2377 1978 2514 2021 esse
2575 1956 2801 2020 iisdem
2861 1957 3201 2022 exhibetur

582 2056 898 2121 fontibus:
936 2058 1227 2132 πολλοὺς
1262 2056 1336 2122 τὸ
1378 2052 1674 2140 εἰδεχθὲς
1709 2065 1908 2121 τοῦτο
1948 2058 2299 2140 δαιμόνιον
2335 2067 2477 2132 ταῖς
2513 2054 2792 2132 ἀπάταις
2827 2054 3201 2141 παρέσυρεν

587 2153 696 2220 καὶ
744 2158 1271 2239 προσκαλεῖσθαι
1319 2151 1387 2240 (l.
1436 2161 1953 2240 προσκαθῆσθαι
2001 2154 2200 2218 ‘aram
2248 2206 2260 2218 .
2310 2205 2323 2218 .
2373 2205 2386 2218 .
2433 2153 2730 2218 residere’
2778 2154 2846 2217 in
2896 2155 3199 2238 interpre-

582 2253 828 2317 tatione
900 2249 1132 2339 latina)
1208 2253 1416 2318 αὐτοῦ
1489 2261 1579 2339 τῷ
1662 2256 1863 2341 βωμῷ
1938 2252 2154 2317 ἐλπίδι
2229 2252 2535 2338 ῥώσεως
2597 2252 2638 2335 ἢ
2707 2257 3202 2337 προφητείας

584 2350 961 2435 ἀνέπειθεν,
1011 2351 1091 2416 οὐ
1137 2353 1348 2435 μόνον
1394 2348 1790 2417 ἀπιστοῦσιν
1836 2348 1906 2437 (1.
1945 2348 2294 2437 ἀπίστους)
2332 2349 2441 2415 καὶ
2479 2351 2690 2434 πάντη
2729 2353 2886 2427 τοὺς
2924 2349 2992 2437 (l.
3031 2348 3199 2437 τοῖς)

581 2450 788 2515 αὐτοῦ
825 2448 1344 2535 προσκειμένους
1380 2451 1840 2534 κελεύσμασιν,
1887 2448 2054 2514 ἀλλά
2090 2447 2201 2513 καὶ
2238 2451 2512 2525 πιστοὺς
2556 2446 2667 2513 καὶ
2705 2454 3063 2535 Χριστοῦ
3109 2451 3199 2514 τὰ

581 2548 940 2632 σύμβολα
999 2545 1392 2634 φέροντας
1441 2547 1546 2632 Sp.
1585 2547 1660 2611 R.
1698 2546 1796 2612 III
1837 2548 1921 2611 69
1962 2579 2047 2601 =
2091 2547 2177 2611 M.
2217 2546 2391 2611 3409
2414 2567 2504 2629 sq.
2552 2549 3068 2632 χριστιανούς
3125 2546 3203 2612 τέ

578 2672 763 2723 τινας
810 2644 1280 2731 ἁπλουστέρων
1337 2646 1544 2712 ἐκεῖσε
1590 2648 1919 2732 προφάσει
1967 2647 2280 2733 ῥώσεως
2335 2645 2869 2730 αὐτομολοῦντας
2926 2644 3199 2724 ἐκκόψαι

579 2743 888 2831 (φροντὶς
934 2738 1019 2828 ἦν
1064 2742 1408 2832 Κυρίλλφ)
1452 2743 1557 2829 Sp.
1596 2745 1672 2809 R.
1709 2743 1804 2809 IV
1835 2745 1967 2809 240
2005 2777 2088 2798 =
2128 2745 2215 2809 M.
2246 2744 2420 2808 3688
2441 2744 2520 2808 D.
2556 2742 2795 2810 πολλοὶ
2834 2740 2959 2810 οὖν
2997 2743 3199 2809 ἑάλω-

584 2861 709 2908 σαν
753 2852 833 2929 τῇ
880 2851 1001 2908 τοῦ
1048 2851 1348 2928 πονηροῦ
1394 2844 1766 2927 πνεύματος
1811 2842 2225 2930 κεκρυμμένῃ
2271 2843 2502 2925 παγίδι
2551 2841 2656 2927 Sp.
2694 2843 2771 2907 R.
2809 2841 2905 2907 IV
2941 2843 3070 2906 246
3110 2874 3195 2895 ---

580 2941 667 3005 Μ.
707 2941 881 3004 3693
906 2938 971 3005 C.
1064 2940 1240 3017 Quae
1286 2962 1433 3004 cum
1481 2942 1572 3005 ita
1616 2945 1848 3024 essent,
1898 2940 2175 3025 Cyrillus
2237 2941 2573 3025 episcopus
2620 2940 2830 3005 Deum
2889 2942 3197 3024 adoravit,

578 3041 651 3101 ut
707 3037 950 3102 malum
996 3037 1156 3101 illud
1214 3038 1604 3122 opprimeret
1659 3040 2112 3121 daemonisque
2168 3040 2506 3124 phasmata
2566 3040 2938 3104 destrueret.
3029 3039 3195 3103 Tum

577 3140 773 3201 noctu
804 3136 862 3199 ei
891 3137 1233 3200 dormienti
1262 3136 1562 3220 apparuit
1600 3136 1866 3223 angelus
1894 3136 2159 3201 Domini
2191 3135 2466 3221 Cyrique
2480 3136 2532 3224 2)
2575 3137 2878 3221 reliquias
2926 3161 2959 3202 e
2995 3138 3196 3202 Marci

584 3257 763 3298 sacro
812 3231 1247 3299 Alexandrino
1295 3236 1365 3299 in
1412 3235 1948 3321 evangelistarum
2002 3237 2334 3300 transferri
2389 3237 2579 3300 iussit
2636 3236 2977 3320 templum,
3025 3237 3196 3319 quod

582 3332 979 3416 Theophilus
1028 3334 1350 3414 quondam
1388 3334 1725 3419 episcopus
1764 3331 2240 3399 Alexandrinus
2279 3336 2347 3399 in
2394 3358 2467 3399 eo
2507 3336 2647 3418 ipso
2686 3335 2827 3399 vico
2866 3335 3195 3400 Menuthis

578 3433 1116 3516 exaedificaverat,
1163 3432 1275 3496 ubi
1323 3433 1728 3498 daemonium
1789 3433 2190 3518 versabatur3
2247 3455 2373 3516 quo
2430 3434 2599 3497 facto
2662 3434 2728 3496 id
2789 3434 3046 3515 quidem
3094 3434 3197 3498 de-

578 3533 821 3597 victum
869 3533 964 3596 iri.
1059 3530 1337 3616 Cyrillus
1387 3555 1531 3597 cum
1579 3533 1826 3596 iussum
1874 3534 2210 3596 exsecutus
2268 3530 2417 3615 Cyri
2479 3531 2841 3616 sepulcrum
2903 3533 3195 3616 aperiret,

578 3632 991 3696 coniunctum
1013 3653 1160 3695 cum
1190 3653 1263 3695 eo
1286 3631 1531 3695 invenit
1551 3629 1874 3695 Ioannem.
1922 3629 2284 3714 Utrumque
2318 3631 2517 3715 igitur
2545 3652 2775 3714 corpus
2805 3652 2951 3694 cum
2971 3630 3194 3693 multis

578 3728 824 3793 clericis
853 3731 920 3793 in
968 3728 1507 3814 evangelistarum
1553 3729 1869 3814 templum
1914 3729 2377 3812 transportavit
2393 3726 2447 3815 ³)
2495 3728 2712 3811 ibique
2749 3728 3107 3793 recondidit
3119 3726 3192 3816 4).

765 3915 815 3982 1)
854 3913 1026 3967 Vicus
1065 3931 1099 3967 a
1141 3915 1413 3969 daemone
1458 3930 1663 3967 nomen
1701 3913 1866 3967 duxit
1903 3913 2208 3968 secundum
2257 3913 2347 3984 Sp.
2386 3914 2450 3969 R.
2491 3914 2569 3967 IV
2596 3918 2690 3967 241
2740 3941 2806 3958 ---
2844 3914 2917 3967 Μ.
2958 3919 3096 3967 3689
3117 3914 3190 3968 A:

580 3992 723 4047 οὕτω
766 3996 860 4063 (sc.
901 3993 1216 4062 Μένουθις,
1255 3995 1597 4048 antecedunt
1635 3994 1695 4049 ἐν
1731 4002 1798 4064 τῇ
1836 3997 2117 4065 Μενουθῇ
2155 3994 2534 4065 [Μενούθιῖ]>
2579 3992 2686 4063 γὰρ
2732 3993 2829 4047 καὶ
2863 3993 2967 4062 τὴν
3004 3995 3194 4063 κώμην

584 4072 874 4142 ὠνόμαζον
913 4074 1072 4128 αἰδοῖ
1105 4075 1203 4128 καὶ
1249 4073 1456 4148 φίλτρῳ
1501 4083 1600 4145 τῆς
1637 4072 1921 4143 δαίμονος.
1999 4074 2066 4128 cf.
2108 4074 2199 4143 Sp.
2238 4073 2302 4126 R.
2333 4072 2410 4125 IV
2439 4078 2542 4125 246
2573 4099 2640 4118 =
2670 4073 2743 4127 M.
2775 4078 2912 4126 3693
2934 4072 2998 4128 C:
3048 4072 3192 4128 οὕτω

580 4152 686 4222 γὰρ
724 4152 825 4208 τὸν
860 4153 1038 4209 τόπον
1083 4154 1283 4210 λοιπὸν
1330 4155 1391 4210 ἐκ
1435 4162 1534 4209 τοῦ
1583 4152 2028 4224 ἐπιφαινομένου
2080 4151 2351 4222 δαίμονος
2397 4152 2769 4222 ἐπωνόμαζον.
2846 4152 3047 4207 Verius
3085 4153 3194 4208 erit

580 4233 947 4302 contrarium3
993 4252 1041 4288 v.
1091 4235 1254 4291 infra.
1305 4267 1372 4275 —
1418 4236 1532 4302 „M
1530 4236 1769 4301 enuthiS,
1817 4235 1962 4304 quod
2008 4235 2178 4288 latine
2221 4233 2579 4288 simulacrum
2625 4233 2905 4288 daemonis
2951 4234 3195 4289 dicituffl

579 4313 639 4369 P.
668 4314 730 4368 P.
761 4314 852 4383 Sp.
881 4313 947 4370 R.
968 4314 1048 4368 IV
1076 4321 1195 4369 280.
1218 4348 1284 4356 -
1314 4315 1397 4369 De
1435 4313 1848 4370 daemonibus
1876 4313 2092 4369 ibidem
2120 4313 2515 4368 habitantibus
2543 4313 2795 4384 loquitur
2821 4313 2967 4369 Petr.
2998 4314 3189 4370 Parth.

756 4475 810 4543 2)
851 4472 980 4542 Cyri
1019 4475 1085 4527 et
1121 4474 1346 4528 Ioannis
1385 4475 1474 4545 Sp.
1504 4476 1568 4529 R.
1599 4475 1676 4528 IV
1705 4480 1809 4529 246
1840 4501 1907 4521 =
1936 4474 2010 4528 M.
2042 4480 2181 4529 3693
2198 4474 2261 4528 D.

759 4557 810 4625 3)
852 4553 912 4608 ἐν
951 4557 1238 4623 καθαραῖς
1273 4552 1539 4610 συνὸόσιν
1577 4554 1798 4623 εἰλήσας
1836 4555 1925 4625 Sp.
1956 4554 2020 4608 R.
2050 4555 2129 4608 IV
2157 4560 2259 4609 247
2282 4583 2349 4600 =
2369 4555 2442 4609 M.
2466 4560 2604 4609 3696
2622 4555 2768 4627 AJB.
2810 4554 2878 4608 cf.
2909 4572 2963 4624 p.
2995 4560 3079 4608 25.

757 4636 812 4704 4)
850 4632 1124 4688 Nonnihil
1180 4633 1459 4689 diversum
1510 4635 1662 4703 quod
1717 4634 1870 4704 apud
1933 4634 2080 4690 Petr.
2137 4635 2327 4690 Parth.
2385 4635 2596 4706 legitur
2649 4634 2761 4705 (Sp.
2800 4634 2865 4688 R.
2915 4635 2993 4689 IV
3035 4637 3190 4706 280):

578 4712 859 4785 „Cyrinus
899 4758 909 4770 .
954 4759 963 4769 .
1007 4759 1018 4770 .
1057 4715 1305 4786 cmyelica
1338 4716 1546 4771 visione
1582 4722 1874 4772 commotus
1910 4716 1984 4771 ad
2018 4717 2272 4774 honorem
2307 4717 2541 4773 Domini
2576 4722 2625 4772 et
2658 4716 2852 4771 horum
2877 4721 3194 4773 sanctorum
