3611 5264
1347 332 1430 385 De
1466 330 1829 385 incubatione
1867 330 2189 386 christiana.
2984 332 3021 395 7
3030 333 3064 395 7

637 494 863 580 Itaque
911 495 981 560 in
1025 495 1150 560 hoc
1197 516 1376 560 sacro
1422 494 1782 578 Byzantino
1831 495 2161 559 incubatio
2199 493 2338 559 fieri
2375 494 2623 560 solebat
2666 495 3075 579 martyribus,

457 593 586 659 huc
633 616 889 679 quoque
934 594 1266 658 referenda
1312 598 1462 658 sunt
1508 616 1671 677 quae
1709 616 1903 677 supra
1938 593 2466 677 perlustravimus
2511 592 2834 659 miracula.
2919 591 3075 669 Quis

458 695 680 757 tamen
725 691 1025 775 Byzantii
1072 691 1402 757 colebatur
1438 692 1593 756 deus
1640 692 1742 756 vel
1788 691 1901 775 qui
1948 691 2068 774 dei,
2115 713 2389 774 quorum
2435 692 2504 757 in
2554 691 2813 775 templis
2859 713 3076 777 aegro-

457 794 667 855 tantes
697 813 812 874 per
839 790 1319 855 incubationem
1358 790 1777 855 sanarentur?
1842 789 2058 854 Velim
2097 790 2398 873 inspicias
2435 790 2576 854 mir.
2610 790 2650 853 9
2687 813 2748 873 p.
2764 789 2895 854 346
2907 813 3073 874 sqq.:

454 891 528 954 τὸ
576 885 651 954 δὲ
698 890 1206 973 συμπαθητικὸν
1251 887 1361 953 καὶ
1406 884 1798 974 προσηνὲςῙ)
1848 899 1980 952 τῶν
2026 888 2293 953 δούλων
2339 897 2459 953 τοῦ
2498 894 2792 974 Χριστοῦ
2839 891 3074 973 Κοσμᾶ

452 985 563 1052 καὶ
619 993 973 1072 Δαμιανοῦ
1030 987 1198 1073 πρὸς
1249 985 1502 1063 πάντας
1572 985 1978 1072 ἀνθρώπους
2037 1037 2050 1051 .
2100 1037 2113 1050 .
2163 1037 2176 1050 .
2240 984 2351 1051 καὶ
2406 988 2500 1063 εἰς
2552 987 2629 1051 τὸ
2683 989 2886 1062 ἔθνος
2939 997 3076 1051 τῶν

454 1084 714 1168 ἀσεβῶν
749 1083 1089 1167 Ἑλλήνων
1134 1085 1437 1167 ἔφθασεν
1450 1080 1518 1168 ²).
1566 1083 1675 1148 καὶ
1722 1085 1997 1166 γνόντες
2041 1086 2123 1148 τὰ
2167 1086 2536 1168 χαρίσματα
2590 1094 2727 1149 τῶν
2781 1085 3074 1168 ἰαμάτων

455 1180 739 1268 αὐτῶνθ)
784 1180 896 1248 καὶ
942 1184 1058 1258 τὰς
1103 1182 1360 1247 τούτων
1400 1233 1413 1246 .
1462 1233 1475 1246 .
1525 1233 1538 1246 .
1584 1194 1719 1247 τῶν
1763 1181 2134 1267 θαυμάτων
2171 1182 2503 1268 ἐνεργείας
2547 1181 2882 1248 ἐκάλουν
2917 1184 3075 1259 τοὺς

463 1278 774 1359 ἐνδόξους
819 1281 1101 1357 τούτους
1148 1332 1162 1344 .
1212 1332 1224 1345 .
1265 1331 1278 1345 .
1318 1283 1397 1345 Κ.
1444 1277 1555 1345 καὶ
1602 1285 1684 1345 Δ.
1730 1281 1896 1345 κατά
1941 1282 2016 1346 τὸ
2062 1289 2178 1364 τῆς
2224 1280 2596 1364 δυσσεβοῦς
2641 1280 2863 1345 αὐτῶν
2906 1287 3074 1366 θρη-

458 1381 679 1455 σκείας
722 1387 933 1463 μῦσος
978 1379 1345 1464 Κάστορα
1388 1375 1516 1443 καὶ
1565 1379 2105 1463 Πολυδεύκην.
2196 1377 2373 1443 Infra
2433 1378 2511 1442 de
2558 1376 2798 1443 Graeco
2858 1400 3077 1464 aegro-

455 1480 634 1541 tante
679 1479 1022 1541 narrantur
1065 1476 1224 1541 haec
1280 1474 1369 1563 (p.
1409 1472 1596 1562 348):
1652 1478 1866 1565 τούτῳ
1923 1478 2163 1554 πάντες
2218 1478 2290 1542 οἱ
2340 1479 2528 1561 φίλοι
2570 1528 2583 1540 .
2632 1528 2645 1540 .
2696 1529 2708 1540 .
2756 1477 3075 1560 συνεβού-

460 1579 706 1641 λευσαν
773 1575 847 1640 ἐν
909 1584 1000 1663 τῷ
1058 1583 1237 1663 σηκῷ
1282 1573 1393 1661 (cf.
1431 1598 1491 1659 p.
1534 1574 1635 1658 70,
1668 1574 1734 1662 1)
1789 1571 2069 1663 τούτφ4)
2115 1586 2252 1640 τῶν
2306 1574 2516 1658 ἁγίων
2562 1578 2640 1639 Κ.
2687 1572 2796 1639 καὶ
2843 1580 2926 1638 Δ.
2972 1573 3076 1639 ἐλ-

465 1669 705 1760 θεῖν5),
753 1673 834 1737 οὐ
880 1673 1047 1759 πρὸς
1093 1673 1337 1750 αὐτοὺς
1382 1675 1540 1750 τοὺς
1584 1672 1819 1757 ἁγίους
1853 1682 2096 1738 τοῦτον
2141 1672 2647 1750 ἀποστείλαντες
2694 1724 2707 1736 .
2756 1723 2769 1736 .
2819 1720 2863 1755 .,
2909 1671 3076 1737 ἀλλὰ

459 1771 625 1856 πρὸς
678 1773 802 1855 τὴν
852 1774 1308 1857 προσηγορίαν
1364 1770 1747 1857 ἀφορῶντες
1804 1822 1818 1836 .
1875 1822 1890 1836 .
1949 1822 1962 1835 .
2017 1772 2427 1857 Κάστορος
2480 1770 2609 1835 καὶ
2665 1771 3075 1836 Πολυδεύ-

454 1867 723 1958 κουςὸ).
771 1865 910 1935 εἶτα
957 1920 972 1935 .
1021 1923 1034 1935 .
1084 1922 1097 1935 .
1144 1869 1458 1937 ἀσθενῶν
1514 1920 1530 1936 .
1578 1921 1593 1934 .
1641 1921 1653 1934 .
1708 1870 2142 1954 παραγίνεται
2198 1868 2272 1935 ἐν
2326 1869 2540 1957 τούτῳ
2595 1876 2688 1957 τῷ
2746 1870 3007 1956 ἰατρείῳ
3020 1866 3073 1955 ⁷)

455 1978 591 2034 τῶν
637 1967 878 2052 ἁγίων,
932 1966 1042 2034 καὶ
1089 1968 1358 2035 ὀδυνῶν
1403 1968 1784 2035 ἀνενδότων
1829 1966 2006 2055 αὐτῷ
2053 1964 2600 2052 προσγινομένων
2645 1966 2716 2030 οἱ
2755 1974 2876 2031 τοῦ
2915 1970 3075 2051 Χρι-

462 2075 626 2131 στοῦ
671 2066 1080 2152 θεράποντες
1124 2070 1204 2132 Κ.
1250 2064 1361 2132 καὶ
1407 2072 1490 2133 Δ.
1536 2066 1618 2131 τὰ
1677 2066 1965 2130 εἰωθότα
2020 2065 2247 2142 αὐτοῖς
2303 2062 2447 2148 ἐλέη
2505 2066 2599 2141 εἰς
2651 2066 2810 2141 τοὺς
2862 2062 3075 2149 ἀρρω-

463 2180 661 2240 στους
690 2163 1142 2249 ἐφαπλοῦντες
1167 2166 1290 2249 τὴν
1316 2165 1664 2251 περιοδίαν
1676 2160 1730 2250 8)
1758 2173 1896 2229 τῶν
1925 2163 2169 2229 ἰάσεων
2199 2164 2292 2239 εἰς
2320 2162 2564 2238 αὐτοὺς
2593 2160 3073 2227 ἐπεδείκνυντο.

460 2259 572 2326 καὶ
619 2262 1004 2347 φθάσαντες
1049 2264 1144 2339 εἰς
1156 2259 1208 2349 ⁹)
1250 2264 1369 2328 τὸν
1414 2265 1642 2345 τόπον,
1689 2259 1763 2326 ἐν
1809 2252 1863 2350 ᾦ
1899 2260 1937 2326 ὁ
1973 2258 2303 2346 πεμφθεὶς
2347 2260 2526 2345 παρὰ
2570 2270 2703 2324 τῶν
2738 2258 3074 2342 Ἑλλήνων

442 2357 691 2443 ’Ἐλλην
717 2358 827 2426 καὶ
847 2359 1047 2436 αὐτὸς
1072 2359 1388 2446 ὑπάρχων
1417 2363 1625 2426 ἔκειτο
1653 2368 1896 2425 τοῦτον
1911 2356 2478 2444 ἀποστρεφόμενοι
2503 2365 2619 2440 τῆς
2631 2354 2708 2443 ¹⁰)
2726 2358 2892 2442 πρὸς
2919 2359 3076 2432 τοὺς

462 2458 705 2535 ἄλλους
721 2455 1171 2541 θλιβομένους
1192 2460 1552 2542 θεραπείας
1576 2463 1853 2542 εἴχοντο.
1887 2457 1962 2522 τὸ
1991 2453 2067 2522 δὲ
2089 2464 2355 2521 τοιοῦτο
2376 2463 2589 2539 σχῆμα
2608 2455 2984 2531 πλειστάκις
2996 2451 3074 2540 11)

459 2554 589 2619 ὑπὸ
646 2566 781 2620 τῶν
840 2554 1052 2638 ἁγίων
1107 2552 1203 2620 ἐπ’
1261 2554 1439 2645 αὐτῷ
1488 2558 1852 2641 γενόμενον
1911 2553 1947 2619 ὁ
2001 2551 2333 2640 πεμφθεὶς
2385 2552 2516 2617 ὑπὸ
2571 2563 2707 2617 τῶν
2740 2550 3076 2635 Ἑλλήνων

457 2655 807 2739 θεωρήσας
856 2703 869 2717 .
917 2704 931 2717 .
970 2701 986 2718 .
1022 2651 1265 2738 ἤρξατο
1305 2705 1317 2718 .
1358 2704 1370 2717 .
1410 2702 1426 2717 .
1461 2654 1726 2739 κράζειν
1768 2650 1880 2718 καὶ
1918 2651 2190 2719 δέεσθαι
2238 2652 2478 2735 αὐτῶν,
2516 2651 2607 2727 ὡς
2642 2651 2728 2717 ἀν
2762 2649 2873 2715 καὶ
2909 2652 3076 2737 πρὸς

457 2751 661 2815 αὐτὸν
697 2748 1086 2815 ἀπέλθωσιν
1121 2748 1232 2815 καὶ
1267 2754 1685 2835 κουφίσωσιν
1712 2759 1829 2836 τῆς
1863 2751 2295 2837 περιεχούσης
2332 2747 2635 2836 αὐτὸνῑῗ)
2671 2751 2967 2827 θλίψεως
2988 2801 3001 2813 .
3024 2801 3037 2813 .
3060 2801 3073 2814 .

460 2848 901 2934 ἀπεκρίναντο
949 2844 1221 2937 αὐτῷ13)
1268 2847 1551 2934 ὀργίλως
1597 2849 1669 2913 οἰ
1708 2848 1913 2931 ἅγιοι·
1960 2849 2058 2932 μὴ
2102 2849 2247 2933 γὰρ
2300 2848 2495 2932 πρὸς
2546 2846 2743 2931 ἡμᾶς
2800 2846 3075 2932 ἐλήλυ-

455 2953 637 3030 θας,
684 2943 926 3031 ἑταῖρε·
963 2946 1061 3030 μὴ
1108 2946 1254 3032 γὰρ
1300 2945 1522 3032 ἡμεῖς
1565 2947 1960 3029 λεγόμεθα
1996 2945 2324 3031 Κάστωρ
2371 2942 2499 3010 καὶ
2547 2946 3074 3030 Πολυδεύκης.

462 3046 707 3111 τούτου
768 3041 842 3109 δὲ
907 3041 1335 3129 ἐπιμένοντος
1348 3042 1426 3130 ¹4)
1484 3095 1496 3108 .
1555 3094 1567 3108 .
1627 3094 1639 3108 .
1706 3041 2122 3127 φθέγγονται
2179 3045 2383 3109 πάλιν
2447 3039 2603 3130 οί15)
2669 3044 3077 3129 θεράποντες

459 3144 625 3226 πρὸς
670 3142 877 3208 αὐτὸν
921 3142 1462 3227 ὑπομειδιῶντες·
1510 3139 1748 3227 ἑταῖρε,
1793 3144 1866 3205 τί
1901 3142 2323 3228 κατακράζεις
2336 3137 2415 3227 ¹⁶)
2460 3140 2669 3225 ἡμῶν,
2714 3138 2825 3206 καὶ
2870 3149 3076 3205 ταῦτα

461 3242 653 3325 πρὸς
719 3240 914 3324 ἡμᾶς
985 3241 1083 3324 μὴ
1153 3242 1826 3326 παραγενόμενος,
1892 3237 2059 3305 ἀλλὰ
2121 3241 2288 3325 πρὸς
2349 3240 2595 3315 ἄλλους
2658 3237 3075 3317 ἀποσταλείς;

462 3336 683 3420 ἡμεῖς
729 3337 873 3422 γὰρ
921 3338 1060 3402 οὔκ
1107 3337 1339 3422 ἐσμεν
1384 3338 1714 3423 Κάστωρ
1769 3335 1899 3402 καὶ
1949 3337 2489 3421 Πολυδεύκης,
2534 3335 2703 3402 ἀλλὰ
2749 3333 3074 3421 δοῦλοιῙΊ)

460 3439 754 3519 Χριστοῦ
802 3484 816 3498 .
846 3485 859 3498 .
899 3485 912 3498 .
940 3432 1324 3520 ὑπάρχομεν
1356 3434 1467 3500 καὶ
1516 3438 1596 3500 Κ.
1641 3432 1752 3500 καὶ
1798 3440 1882 3499 A.
1927 3437 2387 3522 προσηγορίαν
2431 3437 2801 3518 κεκτήμεθα
2814 3431 2893 3520 18)
2938 3439 3073 3499 κτλ.

461 3530 736 3596 Graecus
758 3531 1154 3596 convertitur
1174 3536 1238 3597 et
1265 3537 1546 3597 sanatur.
1574 3532 1678 3596 Ex
1698 3531 1822 3596 hac
1849 3532 2215 3596 narratione
2238 3531 2530 3615 sequitur
2556 3531 2865 3614 primum:
2885 3529 3075 3594 Grae-

463 3651 572 3695 cos
621 3652 877 3715 quoque
922 3633 1281 3714 martyrum
1327 3630 1643 3716 templum
1682 3630 2040 3695 sanationis
2086 3629 2526 3714 impetrandae
2582 3649 2772 3692 causa
2825 3627 3075 3711 adiisse,

458 3727 758 3792 alterum:
807 3724 1155 3791 Cosmam
1202 3731 1275 3791 et
1312 3726 1765 3793 Damianum
1814 3728 1903 3791 ab
1952 3728 2049 3792 iis
2097 3749 2233 3812 pro
2274 3726 2592 3793 Castore
2639 3731 2712 3791 et
2756 3725 3073 3791 Polluce

457 3823 767 3889 habitos
834 3845 1018 3888 esse.
1128 3821 1445 3889 Attendas
1512 3830 1577 3890 et
1642 3824 1942 3891 Cosmam
2016 3826 2534 3910 Damianumque
2607 3828 2671 3890 et
2744 3822 3074 3889 Castorem

458 3920 915 4007 Pollucemque
978 3922 1271 4009 geminos
1327 3923 1555 4010 fuisse3
1620 3927 1798 3989 artus
1855 3923 2059 4009 igitur
2117 3923 2286 3988 inter
2341 3944 2449 3988 eos
2505 3922 2881 3988 statuendus
2938 3943 3074 3987 esse

639 4151 692 4219 1)
728 4150 825 4204 καὶ
862 4150 1206 4222 εὐεργετικὸν
1244 4151 1373 4206 add.
1412 4150 1580 4206 Vind.
1746 4154 1800 4222 2)
1839 4149 2074 4222 ἀφίκετο
2111 4150 2279 4207 Vind.
2442 4154 2496 4222 3)
2534 4153 2720 4207 αὐτῶν
2757 4168 2862 4207 om.
2902 4150 3069 4205 Vind.

607 4232 692 4300 ·4)
729 4229 904 4303 τούτῳ
942 4248 1046 4285 0111.
1086 4232 1255 4288 Vind.
1545 4234 1600 4302 5)
1637 4232 1910 4288 ἀπελθεῖν
1946 4232 2113 4286 Vind.
2416 4234 2470 4301 6)
2508 4232 2867 4287 Πολυδεύκου
2904 4229 3068 4285 Vind.

647 4310 696 4377 7)
737 4309 818 4372 εἰς
852 4317 1016 4365 τοῦτο
1054 4311 1116 4366 τὸ
1156 4311 1403 4380 ἰατρεῖον
1438 4311 1607 4367 Vind.
1800 4315 1855 4382 8)
1894 4309 2147 4380 ἰατρείαν
2182 4310 2350 4366 Vind.
2552 4314 2606 4382 9)
2643 4311 2723 4373 εἰς
2760 4328 2864 4365 0111.
2904 4308 3070 4364 Vind.

607 4391 695 4459 10)
730 4398 829 4459 τῆς
863 4393 994 4459 post
1028 4392 1177 4462 θλιβ.
1217 4390 1384 4446 Vind.
1617 4394 1707 4462 11)
1744 4391 2063 4455 πλειστάκις
2096 4393 2229 4461 post
2265 4389 2442 4462 ἁγίων
2476 4391 2644 4446 Vind.

607 4472 693 4539 12)
731 4468 927 4524 Vind.:
965 4478 1165 4525 τοῦτον
1200 4471 1290 4526 W.
1770 4474 1858 4541 13)
1894 4471 2090 4526 Vind.:
2129 4470 2272 4539 πρὸς
2308 4471 2482 4526 αὐτὸν
2517 4471 2608 4526 W.

607 4551 699 4620 14)
734 4549 929 4604 Vind.:
967 4558 1067 4605 τοῦ
1104 4548 1168 4605 δὲ
1206 4549 1595 4620 ἐπιμείναντος
1630 4551 1721 4607 W.
1995 4554 2083 4621 15)
2120 4551 2274 4621 ἅγιοι
2312 4551 2441 4604 aad.
2478 4549 2644 4604 Vind.

607 4629 695 4697 16)
731 4628 926 4682 Vind.:
967 4627 1185 4696 κράζεις
1221 4629 1310 4686 W,
1602 4632 1693 4700 17)
1725 4628 1909 4698 Ἰησοῦ
1949 4628 2077 4684 add.
2117 4628 2287 4683 Vind.

608 4710 694 4777 18)
730 4708 833 4777 τὴν
869 4706 1253 4779 προσηγορίαν
1290 4709 1706 4779 ἐπικεκλήμεθα
1742 4709 1910 4764 Vind.
