3611 5264
471 392 524 454 4,
547 392 741 453 21-7,
760 393 794 439 4
1598 382 1970 450 Therapontis
2953 379 3080 443 123

476 547 690 614 τέλεια
861 551 1116 614 τελείου
1165 549 1515 634 ίερουργοῦ
1558 545 1669 611 καὶ
1719 547 2255 632 ίερουργήματος,
2401 550 2572 610 Θεοῦ
2620 543 3081 630 σαρκωθέντος

473 645 585 712 καὶ
628 644 796 730 ὑπὲρ
844 647 1030 730 ἡμῶν
1076 644 1167 711 δι’
1220 646 1492 729 αἵματος
1529 645 1658 728 τὴν
1704 644 2065 728 ὁμολογίαν
2111 643 2509 720 τελέσαντος.

651 754 864 841 τούτῳ
912 753 1039 838 γάρ
1087 754 1169 836 δὴ
1215 760 1305 839 τῷ
1352 755 1519 838 θείῳ
1566 747 1676 817 καὶ
1721 751 1759 817 6
1808 758 1935 816 νῦν
1979 751 2534 837 ἐγκωμιαζόμενος
2571 751 2791 837 ὁδηγῷ
2838 748 3077 836 χρησά-
3098 763 3162 831 5,

473 876 672 938 μενος
718 852 940 936 αἵματι
1107 853 1449 935 σφραγίζει
1495 859 1616 915 τοῦ
1663 852 1820 933 βίου
1865 850 1987 933 τὴν
2032 852 2346 935 τελευτὴν
2389 858 2504 933 τῆς
2550 847 2792 914 ἑαυτοῦ
2837 872 3083 934 μαρτυ-

477 954 624 1036 ρίας
682 958 773 1037 τῳ
834 949 1079 1032 αἵματι,
1230 946 1340 1013 καὶ
1401 948 1613 1035 οὕτως
1672 946 1744 1011 ἐν
1802 949 1992 1031 γήρει
2050 953 2227 1036 καλῷ
2289 947 2719 1029 ἀναπαύεται,
2860 955 2939 1031 τῇ
2999 955 3083 1031 γῇ

479 1046 1105 1133 παρακαταθέμενος
1194 1046 1274 1111 τὰ
1309 1054 1431 1110 τοῦ
1469 1046 1769 1128 σώματος
1815 1049 2111 1123 λείψανα.
2221 1054 2426 1110 ταῦτα
2474 1045 2555 1127 δὴ
2604 1046 2684 1108 τὰ
2720 1045 2841 1128 τὴν
2885 1047 3085 1108 θειάν

478 1148 767 1229 δύναμιν
812 1144 1305 1229 κληρωσάμενα,
1440 1144 1520 1207 τὰ
1567 1141 1816 1207 ἐνθάδε
1861 1150 1991 1207 νῦν
2033 1144 2605 1228 προσκυνούμενα,
2752 1153 2886 1206 τῶν
2932 1140 3082 1225 ἡμε-
3102 1166 3127 1206 5

475 1242 690 1326 τέρων
737 1251 971 1324 ψυχῶν
1016 1241 1096 1304 τὰ
1141 1240 1495 1325 καθάρσια,
1642 1250 1778 1304 τῶν
1829 1240 2026 1326 ἱερῶν
2084 1240 2504 1324 χαρισμάτων
2551 1241 2586 1306 6
2632 1242 2996 1325 θησαυρός,
3042 1238 3082 1321 ἡ

475 1352 609 1406 τῶν
658 1338 949 1423 ἰαμάτων
1000 1336 1312 1420 ἐπίδοσις,
1449 1336 1888 1420 ἐκτετηκότων
1934 1337 2330 1424 ἀνάρρωσις,
2472 1346 2594 1403 τοῦ
2641 1340 2861 1422 γήρως
2907 1335 3084 1401 ἀντί-

474 1444 692 1521 ληψις,
848 1435 1265 1519 παιδαγωγία
1309 1437 1636 1518 νεότητος,
1773 1435 2065 1519 [φυλακὴ
2112 1435 2537 1519 παρθενίας,]
2584 1437 2829 1518 κόσμος
2889 1433 3084 1515 ἀσκή-

476 1553 660 1617 σεως,
800 1531 1031 1618 ἱερέων
1075 1535 1426 1615 τελείωσις,
1561 1536 1930 1617 προστασία
1973 1545 2106 1598 τῶν
2155 1529 2486 1616 δεομένων
2533 1532 2862 1615 ἀήττητος,
2981 1529 3083 1594 έν-

477 1640 700 1698 ταῦθα
766 1629 877 1696 καὶ
941 1630 1236 1715 ὀρφανὸς
1312 1630 1711 1714 καταφεύγει
1775 1628 1885 1695 καὶ
1959 1631 2257 1714 σώζεται,
2552 1628 2661 1694 καὶ
2740 1631 2908 1714 χήρα
2971 1636 3086 1710 τῆς
3101 1654 3155 1692 10

480 1728 845 1814 ἀνανδρίας
910 1727 1033 1793 οὐκ
1104 1726 1380 1812 ᾔσθετο,
1595 1725 1704 1792 καὶ
1749 1737 1871 1793 τοῦ
1927 1734 2301 1805 λυποῦντος
2363 1726 2400 1794 6
2467 1727 2917 1811 ἀλγυνόμενος
2982 1723 3083 1790 λέ-

477 1831 695 1909 ληστο.
857 1824 1060 1909 πένης
1111 1829 1497 1910 προσῆλθεν
1551 1822 1661 1889 καὶ
1706 1830 2014 1891 πλουτῶν
2060 1825 2495 1909 ἀνεχώρησεν,
2648 1821 2759 1889 καὶ
2807 1823 2841 1888 6
2888 1847 3083 1887 κατα-

485 1924 895 2008 πονούμενος
938 1931 1029 2010 τςό
1077 1922 1284 2008 ῥύστῃ
1341 1925 1771 2005 συνήντησεν.
1922 1925 2023 2000 τίς
2069 1922 2418 2005 ἐπίληπτος
2481 1924 2729 1998 ἔνθους
2772 1920 2813 2004 ἢ
2863 1919 3081 2004 ἐκμαι-

476 2025 754 2105 νόμενος
912 2020 1305 2106 προσπεσὼν
1369 2018 1492 2084 οὐκ
1550 2019 1994 2108 ἠλευθερώθη
2054 2018 2164 2086 καὶ
2223 2021 2345 2104 τὴν
2409 2021 2588 2085 ἰδίαν
2649 2020 2862 2104 φύσιν
2922 2017 3081 2083 ἀπο-

472 2120 693 2202 λαβὼν
739 2115 1213 2204 ἀνεγνώρισενς
1329 2121 1429 2194 τίς
1476 2114 1550 2182 δὲ
1594 2129 1737 2196 ταῖς
1783 2118 2064 2206 ἐπῳδοῖς
2108 2120 2539 2202 μαγγανείαις
2583 2118 2704 2181 τὸν
2739 2119 2894 2200 βίον
2933 2116 3077 2179 δεσ-
3102 2141 3152 2182 15

473 2218 799 2300 μούμενος
912 2214 1023 2280 καὶ
1069 2227 1208 2292 τοῖς
1252 2223 1373 2280 τοῦ
1420 2214 1616 2298 ἁγίου
1664 2218 2005 2295 λειψάνοις
2058 2217 2344 2293 πελάσας
2388 2218 2546 2292 τοὺς
2592 2216 2835 2290 κάλους
2872 2212 3081 2287 εὐθὺς

476 2324 608 2378 τῶν
656 2315 1084 2397 καταδεσμῶν
1131 2312 1254 2377 οὐκ
1301 2311 1594 2400 ἔρρηξεν;

646 2421 902 2485 τούτων
959 2423 1192 2485 τοίνυν
1249 2429 1385 2484 τῶν
1444 2428 1564 2484 τοῦ
1624 2419 1821 2502 ἁγίου
1889 2420 2254 2503 θαυμάτων
2324 2418 2611 2502 ἀνατολὴ
2675 2415 2797 2502 μὲν
2856 2417 3076 2481 ἅπασα
3095 2424 3134 2477 6

469 2518 742 2601 πλήρης,
787 2514 896 2581 καὶ
942 2515 983 2598 ἡ
1030 2516 1305 2600 Κύπρος
1358 2517 1550 2599 αὐχεῖ
1596 2518 1713 2593 τὰς
1769 2516 1975 2593 ἰάσεις
2029 2525 2147 2581 τοῦ
2207 2516 2645 2601 Θεράποντος,
2701 2516 3079 2599 κατακόρως

469 2615 727 2680 τούτων
782 2612 1305 2696 ἐναπολαύσασα,
1485 2612 1559 2679 έν
1612 2606 1653 2699 ᾗ
1705 2612 1815 2680 καὶ
1871 2613 2239 2699 ἀνάκτορον
2297 2615 2476 2697 ἱερὸν
2520 2623 2610 2702 τῷ
2667 2612 2835 2701 ἁγίῳ
2888 2615 3083 2678 καθί-

473 2714 728 2798 δρυται.
848 2711 984 2776 ἐκεῖ
1015 2713 1141 2798 γὰρ
1179 2711 1386 2776 αὐτοῦ
1422 2710 1533 2777 καὶ
1568 2713 1650 2776 τὰ
1685 2714 1843 2789 τοὺς
1883 2713 2103 2798 ἱεροὺς
2139 2711 2400 2795 ἀγῶνας
2437 2711 2758 2797 δεξάμενα
2875 2719 3083 2776 ταῦτα

479 2810 560 2874 τὰ
605 2809 1087 2894 θαυματουργά
1132 2806 1292 2885 τέως
1342 2808 1727 2895 έπεχωρίαζε
1782 2812 2080 2896 λείψανα.
2216 2808 2362 2875 ἀλλ’
2423 2810 2617 2875 ὁπότε
2671 2821 2806 2875 τῶν
2860 2806 3076 2893 ἡμετέ-
3102 2827 3127 2867 5

475 2931 615 2993 ρων
660 2907 998 2991 ἁμαρτιῶν
1042 2908 1117 2971 τὸ
1165 2911 1425 2990 πλῆθος
1470 2907 1560 2983 ὡς
1603 2906 1805 2971 πάλαι
1855 2907 1927 2972 τὸ
1975 2906 2159 2992 ὕδωρ
2198 2908 2321 2990 τὴν
2356 2917 2484 2992 γῆν
2520 2908 2993 2990 κατεκάλυψεν,

476 3003 586 3070 καὶ
633 3007 833 3081 ἄλλος
887 3006 1179 3069 ἄλλοθεν
1237 3003 1528 3087 ἀλλαχοῦ
1584 3006 2014 3089 μετανίστατο
2207 3003 2317 3070 καὶ
2372 3008 2573 3082 τόπος
2627 3005 2750 3070 οὐκ
2793 3000 2879 3088 ἦν
2924 3003 3083 3089 ἡμῖν

471 3102 957 3184 καταπαύσεως,
1104 3108 1642 3184 συγκακοπαθεῖν
1687 3100 1848 3185 ἡμῖν
1892 3099 2001 3166 καὶ
2041 3105 2478 3188 συναπαίρειν
2524 3100 2778 3190 ἐῳκουν
2823 3103 2904 3168 τὰ
2949 3114 3083 3166 τῶν

476 3199 687 3283 ἁγίων
732 3200 1088 3285 μαρτύρων
1132 3198 1292 3283 ἡμῖν
1341 3200 1659 3285 ίερώτατα
1707 3203 2007 3284 λείψανα,
2135 3199 2354 3286 ὥσπερ
2401 3210 2517 3285 τῆς
2563 3199 2876 3278 ξενιτείας
2922 3217 3082 3283 συμ-

473 3298 808 3381 πάσχοντα
968 3294 1078 3361 καὶ
1141 3304 1746 3381 συγκακουχεῐσθαι
1805 3309 2216 3383 χριστιανοῖς
2278 3297 2666 3383 ἀνεχόμενα·
2828 3302 3081 3382 μᾶλλον
3101 3317 3155 3355 10

477 3395 603 3478 γὰρ
651 3395 912 3459 εἵλαντο
968 3405 1107 3470 τοῖς
1160 3406 1419 3472 πιστοῖς
1474 3407 1777 3460 συνεῖναι
1838 3394 1948 3460 καὶ
2010 3396 2409 3479 φεύγουσιν,
2570 3395 2612 3479 ἢ
2666 3398 3082 3481 περιπίπτειν

476 3493 839 3575 βαρβάροις
886 3492 980 3567 εἰς
1024 3490 1226 3577 ὕβριν
1271 3489 1381 3556 καὶ
1428 3493 1701 3568 ὄνειδος.

650 3596 874 3683 ἐπειδὴ
934 3599 1061 3683 γὰρ
1120 3598 1194 3662 τὸ
1254 3606 1370 3682 τῆς
1408 3595 1618 3683 ’Ἅγαρ
1675 3596 2074 3684 ἕρπυστικὸν
2125 3600 2343 3684 κύημα
2405 3601 2571 3685 πρὸς
2642 3598 2814 3677 ὕψος
2867 3596 3080 3682 ἀρθὲν
3102 3616 3132 3670 7

473 3694 870 3761 ἐπλατύνετο
1027 3693 1138 3761 καὶ
1184 3696 1305 3779 τὴν
1352 3693 1526 3782 ἑῴαν
1569 3709 1789 3761 πᾶσαν
1835 3695 1944 3761 καὶ
1994 3702 2339 3780 Αἴγυπτον
2498 3705 2591 3785 τῷ
2635 3694 2801 3782 τόξῳ
2848 3694 2956 3762 καὶ
3002 3706 3081 3781 τῇ

473 3792 771 3881 ῥομφαίᾳ
815 3791 1213 3878 κατατρέχον
1260 3795 1494 3870 δεινῶς
1540 3793 1847 3877 έληΐζετο,
1964 3795 2045 3859 τὰ
2092 3797 2472 3881 ἔμπροσθεν
2519 3795 2829 3879 εὑρίσκον
2874 3794 3083 3879 παρά-

473 3891 700 3955 δεισον
787 3889 898 3955 καὶ
945 3891 1049 3956 ’τὰ
1096 3891 1305 3956 ὀπίσω
1350 3891 1584 3957 πεδίον
1630 3891 2039 3976 ἀφανισμοῢ’
2085 3894 2249 3958 κατὰ
2289 3894 2365 3957 τὸ
2411 3890 2867 3976 γεγραμμένον
2902 3890 3084 3956 τιθέ-

648 4122 1028 4205 μελλόντων
1083 4116 1156 4185 δὲ
1214 4121 1375 4204 μετὰ
1436 4129 1642 4185 ταῦτα
1703 4132 1840 4186 τῶν
1902 4130 2018 4205 τῆς
2056 4121 2267 4208 ’Ἅγαρ
2328 4122 2497 4185 υίῶν
2558 4123 2898 4203 ληῖζεσθαι
2945 4123 3296 4206 mamm—25

473 4218 684 4302 αὐτὴν
752 4225 1086 4302 περιφανῆ
1153 4218 1434 4303 Κύπρον
1497 4217 1935 4301 ἐμφανισθεὶς
1999 4218 2035 4283 6
2099 4220 2287 4301 ἅγιος
2359 4216 2527 4296 ἅπαξ
2608 4217 2717 4283 καὶ
2778 4217 2883 4295 δὶς
2946 4231 3085 4295 τοῖς

472 4316 928 4400 φυλάττουσιν
987 4314 1194 4380 αὐτοῦ
1255 4316 1328 4380 τὸ
1395 4317 1616 4399 τίμιον
1673 4318 1994 4393 λείψανον
2054 4315 2578 4401 παρεκελεύσατο
2645 4316 2872 4391 αὐτοῖς
2927 4311 3083 4401 ἀραι

468 4421 666 4479 τοῦτο
712 4410 823 4478 καὶ
870 4411 943 4477 ἐν
980 4410 1168 4499 ἑτέρᾳ
1213 4415 1401 4478 πόλει
1457 4412 1854 4497 μετενέγκαι.
1913 4416 2229 4497 λαβόντες
2274 4409 2400 4479 οὖν
2454 4414 2576 4497 τὴν
2633 4413 2926 4498 λάρνακα
2972 4410 3081 4477 καὶ
3102 4439 3153 4480 25

647 4671 698 4798 ξ,
728 4672 759 4799 {a
800 4665 860 4797 ἐῖι
896 4666 1089 4734 κύπρω
1128 4667 1260 4719 ante
1295 4674 1363 4738 τῇ
1402 4667 1532 4721 add.
1570 4666 1615 4719 E
1638 4672 1706 4721 20
1748 4670 1756 4738 Ι
1811 4672 1842 4721 5
1879 4666 2351 4737 προσκυνούμεθα
2388 4666 2438 4719 Α
2477 4669 2496 4736 11
2550 4670 2600 4735 6,
2633 4669 2662 4717 7
2701 4666 2938 4736 ἀλλοχοῢ
2975 4668 3025 4720 Α
3063 4668 3083 4740 Η

473 4750 523 4815 7,
550 4753 584 4799 4
622 4762 651 4799 c
680 4788 689 4799 .
756 4762 820 4801 oe
882 4752 932 4814 2,
963 4753 994 4799 3
2774 4784 2779 4788 .
