3611 5264
1401 325 1486 378 De
1525 324 1754 379 somniis
1794 323 2014 378 divinis
2967 324 3007 387 9

397 488 640 551 frustra
687 488 755 551 in
800 486 1173 573 Aesculapii
1235 511 1414 554 sacro
1462 486 1818 572 Epidaurio
1876 487 2290 553 dormiverat:
2346 490 2661 573 „miyrare
2727 493 3014 555 certumst

397 587 532 650 iam
587 607 753 651 mmo
806 608 838 651 e
877 589 1034 671 fano
1082 588 1262 670 foras
1269 638 1286 671 ,
1327 587 1336 672 Ι
1377 587 1624 669 quando
1677 586 2016 669 Aesculapi
2069 588 2162 651 ita
2214 588 2409 652 sentio
2463 586 2851 663 sententiam,
2895 585 2903 668 Ι
2942 591 3014 651 ut

397 685 507 765 qui
552 705 647 749 me
690 685 879 749 nihili
918 687 1119 769 faeiat
1170 706 1278 750 neo
1330 684 1566 750 salvom
1610 682 1788 748 veliff‘
1860 684 2068 749 Plaut.
2109 683 2290 748 Cure.
2312 684 2441 748 216
2454 705 2593 769 sqq.
2617 683 2698 747 cf.
2729 682 2861 746 260
2872 704 3009 766 sqq.

396 771 473 845 In
514 769 778 845 iamatis
815 782 1188 866 Epidauriis
1226 805 1320 849 nr.
1361 782 1448 847 80
1484 781 1684 846 Baun.
1725 778 1839 867 (=
1870 783 1911 845 2
1940 778 2200 867 Fouill.)
2248 781 2312 845 V
2358 781 2435 845 de
2464 779 2739 872 ⁸muliere
2776 779 3011 865 agitur,

398 901 560 963 quae
622 879 873 944 somnio
942 880 1281 965 perspicuo
1339 876 1642 966 (ἐναργές
1701 902 1757 943 v.
1810 877 1926 968 28)
1985 902 2115 945 non
2181 878 2399 945 oblato
2459 899 2683 945 rursus
2748 877 3009 943 domum

398 980 783 1060 reportatur.

573 1072 805 1141 Itidem
850 1074 1157 1139 nimirum
1204 1075 1344 1139 fieri
1391 1074 1624 1159 potuit,
1670 1079 1744 1139 ut
1788 1097 1920 1141 non
1967 1076 2123 1142 deus
2159 1086 2275 1161 pe‘r
2312 1099 2609 1141 somnum
2656 1078 3011 1159 appareret,

403 1162 661 1234 etiamsi
715 1171 782 1234 in
830 1172 965 1236 eius
1022 1172 1264 1256 templo
1311 1172 1493 1237 fieret
1538 1173 1867 1237 incubatio
1877 1226 1895 1259 ,
1952 1174 2064 1240 sed
2118 1174 2247 1239 alia
2302 1196 2594 1258 persona.
2688 1170 2863 1251 Quae
2908 1194 3010 1237 res

401 1268 644 1351 optime
683 1267 1058 1354 illustretur,
1106 1270 1163 1334 si
1206 1269 1460 1335 evolvas
1505 1268 1774 1337 Aristid.
1811 1268 1876 1335 H
1913 1294 1973 1356 p.
2018 1271 2167 1357 396,
2214 1272 2300 1336 24
2341 1271 2508 1357 Keil,
2557 1271 2671 1335 ubi
2707 1272 3012 1356 leguntur

400 1365 584 1430 haec:
631 1366 856 1450 ἐπειδὴ
905 1367 1268 1452 ἐγενόμεθα
1316 1367 1388 1433 ἐν
1433 1376 1524 1455 τῷ
1575 1369 1728 1456 ἱερῷ
1768 1366 2142 1457 (Pergami),
2188 1379 2268 1455 τῇ
2304 1372 2530 1457 πρώτῃ
2567 1381 2701 1435 τῶν
2747 1378 3013 1434 νυκτῶν

398 1461 633 1547 φανεὶς
678 1463 714 1529 6
759 1466 921 1541 θεὸς
965 1474 1056 1553 τῷ
1104 1476 1339 1551 τροφεῖ
1387 1490 1518 1550 μου
1567 1464 1638 1530 ἐν
1684 1474 1775 1552 τῷ
1823 1470 2128 1550 Σαλβίου
2184 1478 2304 1534 τοῦ
2360 1477 2490 1533 νῦν
2543 1468 2802 1533 ὑπάτου
2858 1469 3012 1550 σχή-

397 1583 567 1644 ματι.
663 1561 845 1638 ὅστις
907 1559 982 1628 δὲ
1050 1561 1086 1627 6
1157 1564 1452 1646 Σάλβιος
1510 1563 1696 1648 οὔπω
1759 1566 1907 1629 τότε
1975 1588 2049 1646 γε
2121 1563 2415 1650 ᾔδειμεν·
2480 1564 2516 1630 6
2573 1563 2631 1629 δ’
2698 1563 3012 1648 ἐτύγχανε

398 1659 866 1742 προσεδρεύων
926 1668 1016 1748 τῷ
1073 1667 1210 1747 θεῷ
1256 1658 1395 1725 κατ’
1462 1660 1720 1726 ἐκεῖνον
1774 1662 1892 1725 τὸν
1959 1664 2223 1749 χρόνον.
2315 1665 2443 1747 ἔφη
2490 1661 2548 1728 δ’
2604 1657 2730 1729 οὖν
2775 1660 2811 1726 6
2863 1684 3011 1746 τρο-

399 1758 568 1839 φεὺς
614 1756 702 1833 ὡς
748 1754 821 1822 ἐν
875 1758 1090 1845 τούτῳ
1138 1759 1220 1841 δὴ
1267 1766 1358 1844 τῷ
1407 1762 1685 1842 σχήματι
1731 1759 2115 1843 διαλεχθείη
2169 1761 2336 1846 πρὸς
2391 1759 2597 1826 αὐτὸν
2649 1765 2785 1825 κτλ.
2873 1756 3012 1822 Iam

404 1857 672 1937 apparet
734 1876 864 1918 non
930 1855 1119 1918 deum
1183 1854 1394 1919 visum
1460 1877 1622 1940 esse,
1688 1856 1798 1920 sed
1860 1856 2216 1940 supplicem
2281 1858 2600 1941 quendam
2665 1856 2886 1922 eodem
2945 1857 3012 1919 in

401 1951 644 2035 templo
690 1956 1074 2038 morantem,
1122 1974 1313 2037 quem
1358 1952 1609 2018 viderat
1655 1953 1765 2017 ille
1818 1956 2108 2039 τροφεύς
2153 1955 2462 2039 cuiusque
2508 1956 2721 2040 imago
2767 1955 2835 2019 in
2873 1954 3011 2019 eius

398 2054 614 2117 mente
660 2051 970 2114 remansit
1005 2055 1199 2135 atque
1235 2055 1432 2116 noctu
1468 2073 1585 2135 per
1621 2050 1944 2116 somnium
1988 2074 2211 2118 rursus
2250 2054 2308 2118 ei
2355 2075 2423 2118 se
2470 2053 2723 2117 obtulit.
2786 2051 3013 2117 Nihilo

254 2188 279 2201 s
399 2147 613 2212 minus
662 2148 816 2212 deus
862 2148 1138 2213 habetur
1183 2149 1373 2213 modo
1421 2149 1701 2213 advenae
1750 2153 1994 2213 vestem
2051 2150 2314 2215 indutus
2330 2149 2397 2237 ¹).
2492 2150 2805 2217 Similiter
2852 2149 3015 2213 iudi-

320 2242 327 2247 ’
352 2242 673 2327 eandum
702 2244 955 2310 videtur
975 2246 1051 2310 de
1070 2246 1300 2331 papyri
1318 2246 1744 2311 Londinensis
1763 2246 1905 2312 loco
1928 2244 2253 2333 (Wessely
2270 2248 2454 2314 Neue
2477 2248 2727 2314 Griech.
2742 2247 3016 2313 Zauber-

404 2336 636 2427 papyri
672 2366 732 2427 p.
771 2344 876 2428 49,
907 2342 1140 2428 865sq.
1172 2376 1256 2397 =
1296 2344 1571 2428 Kenyon
1626 2343 1836 2409 Greek
1889 2345 2129 2430 Papyri
2173 2369 2234 2429 p.
2268 2346 2413 2431 11⁷0,
2444 2347 2479 2410 7
2488 2347 2569 2411 98
2583 2344 2724 2432 sq),
2768 2345 2884 2409 ubi
2938 2345 3015 2408 de

398 2430 626 2525 angelo
673 2445 1021 2526 apparente
1067 2442 1303 2506 dicitur
1348 2441 1496 2506 hoc:
1545 2440 1618 2506 ἐν
1666 2445 1874 2526 φίλου
1923 2440 2127 2529 (φιλω
2173 2441 2348 2531 pap.)
2406 2460 2530 2509 σου
2586 2437 2676 2508 οὗ
2733 2446 3013 2528 γνωρί-

401 2540 474 2615 ζε
487 2563 511 2603 ι
526 2562 559 2614 ς
604 2542 884 2623 σχήματι
930 2538 1306 2626 εἰσέρχεται.

581 2636 853 2701 Credere
898 2637 1120 2701 licebit
1165 2639 1570 2703 caerimoniis
1615 2641 2032 2725 praescriptis
2078 2662 2152 2706 ac
2196 2641 2432 2706 ritibus
2468 2661 2586 2705 nec
2622 2639 2834 2704 minus
2871 2638 3014 2703 loco

399 2733 542 2817 ipso
589 2734 1002 2819 numinisque
1049 2736 1250 2800 divini
1297 2737 1481 2820 quasi
1526 2738 1889 2820 praesentia
1944 2737 2099 2802 adeo
2154 2739 2289 2802 fere
2343 2740 2756 2822 praeparatos
2815 2735 3015 2800 fuisse

400 2832 766 2916 supplicum
822 2833 1099 2917 animos,
1154 2837 1228 2897 ut
1280 2834 1570 2917 profecto
1628 2835 1729 2898 dei
1784 2836 1993 2921 figura
2057 2836 2124 2899 in
2190 2858 2413 2900 somno
2478 2836 2559 2899 iis
2624 2834 3013 2918 apparuerit.

400 2928 562 2993 Cum
608 2933 824 2994 autem
872 2930 974 2995 dei
1018 2931 1291 2996 formam
1346 2953 1421 2996 ac
1474 2933 1749 3017 figuram
1804 2954 1951 2997 cum
2008 2932 2144 2998 eius
2200 2937 2413 2998 statua
2471 2953 2822 3019 congruere
2869 2953 3015 3015 pro-

397 3027 612 3092 babile
658 3028 968 3112 videatur,
1016 3029 1235 3093 eodem
1283 3030 1472 3095 modo
1521 3031 1773 3095 credere
1818 3030 2040 3098 licebit
2086 3032 2199 3096 illo
2263 3031 2589 3115 plerisque
2641 3029 3017 3113 apparuisse

398 3125 586 3190 deum
640 3126 886 3211 habitu,
934 3149 1060 3211 quo
1109 3128 1235 3211 ipsi
1281 3151 1425 3192 eum
1472 3128 1575 3193 die
1620 3128 1906 3194 venerati
1953 3133 2190 3213 essent,
2238 3129 2455 3213 itaque
2502 3131 2753 3193 statuae
2799 3126 3015 3192 simili.

396 3223 473 3288 Id
520 3225 695 3308 quod
738 3248 1222 3310 nonnumquam
1269 3226 1437 3291 clare
1483 3227 1743 3292 dicitur:
1789 3227 2068 3292 Romani
2104 3226 2379 3311 Pythiae
2418 3225 2747 3292 oraculum
2793 3225 3014 3308 secuti,

398 3344 543 3386 cum
588 3319 903 3406 Epidauri
951 3322 1338 3389 Graecorum
1385 3324 1753 3410 concilium,
1800 3328 1876 3389 ut
1932 3326 2086 3389 deus
2134 3324 2260 3389 sibi
2308 3324 2595 3407 daretur,
2642 3323 3016 3407 oravissent,

396 3425 592 3485 noctu
648 3421 758 3485 ille
814 3420 1094 3506 Ogulnio
1141 3422 1433 3487 Romano
1481 3424 1548 3488 in
1596 3424 1845 3488 somnio
1893 3423 2194 3507 apparuit
2244 3422 2489 3508 ,qualis
2554 3423 2627 3486 in
2685 3422 2832 3486 aede
2888 3441 3016 3485 esse

395 3519 596 3604 soleff‘,
643 3517 757 3583 Ov.
804 3524 952 3584 met.
999 3520 1125 3585 XV
1164 3519 1294 3585 654
1306 3541 1397 3605 sq.
1490 3520 1613 3586 Vel
1662 3522 1728 3583 in
1774 3522 1987 3606 Longi
2039 3520 2483 3585 Pastoralibus
2522 3516 2843 3602 nymphae
2891 3520 3017 3580 sta-

397 3617 529 3681 tuis
570 3616 813 3682 similes
852 3622 1166 3702 apparent
1205 3615 1296 3704 (ΙΙ
1334 3618 1438 3703 23,
1473 3620 1504 3681 1
1545 3641 1606 3701 p.
1636 3618 1784 3703 274,
1819 3619 1899 3683 19
1930 3616 2272 3704 Hercher):
2311 3618 2387 3681 αἱ
2416 3627 2593 3702 τρεῖς
2631 3614 3017 3699 ἐφίστανται

398 3715 686 3799 Νύμφαι
733 3765 747 3780 .
789 3767 800 3779 .
841 3765 855 3779 .
892 3728 1032 3793 τοῖς
1077 3715 1451 3800 ἀγάλμασιν
1507 3717 1744 3801 ὅμοιαι.
1800 3716 1879 3781 cf.
1917 3716 2001 3780 ib.
2048 3714 2144 3780 ΙΠ
2192 3715 2297 3800 27,
2326 3716 2366 3779 2
2404 3737 2466 3798 p.
2496 3713 2646 3797 299,
2666 3711 2779 3796 21ς
2827 3710 2901 3775 αἰ
2942 3708 3018 3775 δὲ

400 3809 747 3900 (Νύμφαι)
795 3812 973 3901 αὐτῷ
1028 3814 1433 3879 καθεύδοντι
1489 3816 1751 3900 νύκτωρ
1818 3813 1891 3879 ἐν
1945 3825 2084 3891 τοῖς
2139 3814 2364 3890 αὐτοῖς
2421 3811 2809 3896 ἐφίστανται
2865 3812 3018 3893 σχή-

398 3926 624 3993 μασιν,
674 3909 746 3976 ἐν
793 3901 893 3987 οἷς
936 3907 1048 3975 καὶ
1093 3913 1435 3996 πρότερον.
1527 3912 1899 3976 Monuimus
1954 3911 2137 3997 haec,
2196 3912 2347 3997 quia
2401 3914 2705 3994 putamus
2763 3907 2885 3970 hac
2941 3929 3017 3970 ex

398 4028 467 4070 re
515 4007 830 4093 originem
887 4007 1146 4071 duxisse
1202 4008 1314 4071 illa
1371 4009 1652 4094 oracula,
1701 4032 1863 4093 quae
1926 4032 1964 4073 a
2028 4009 2260 4074 statuis
2324 4007 2617 4092 praeberi
2676 4006 3020 4071 traduntur

400 4104 593 4188 idque
639 4105 877 4188 partim
923 4127 1040 4189 per
1091 4126 1404 4170 somnum.
1495 4106 1824 4191 Imprimis
1873 4108 1929 4172 si
1977 4108 2120 4190 quis
2167 4108 2235 4171 in
2283 4105 2596 4171 eiusmodi
2643 4108 2779 4169 erat
2825 4106 3019 4187 statU,

402 4206 478 4266 ut
534 4224 652 4266 nec
707 4204 1017 4268 dormiret
1071 4224 1188 4267 nec
1241 4204 1567 4289 vigilaret,
1627 4209 1820 4289 atque
1880 4207 2209 4288 praeterea
2270 4203 2491 4269 eodem
2550 4204 2692 4267 loco
2753 4202 3018 4285 iacebat,

400 4300 514 4363 ubi
561 4301 663 4364 dei
721 4304 857 4365 erat
916 4305 1129 4366 statua
1187 4299 1384 4388 (sicut
1437 4301 1778 4367 Tithoreae
1835 4304 1903 4367 in
1957 4300 2296 4385 Asclepieo
2352 4325 2390 4365 a
2447 4302 2708 4365 dextera
2768 4303 3019 4365 statuae

398 4402 581 4481 parte
625 4399 829 4463 lectus
877 4397 1252 4486 exstabat2),
1298 4399 1603 4464 facillime
1648 4401 1790 4464 fieri
1836 4402 2069 4484 potuit,
2115 4404 2189 4463 ut
2227 4400 2328 4464 dei
2367 4400 2580 4484 imago
2619 4420 2765 4463 cum
2804 4402 3017 4462 statua

577 4559 630 4626 1)
667 4556 992 4626 Euphronio
1047 4557 1322 4626 Epicureo
1381 4556 1845 4628 peripneumonia
1904 4556 2190 4611 laboranti
2248 4556 2310 4609 in
2365 4555 2660 4624 Asclepieo
2716 4552 3016 4608 dormienti

399 4636 661 4691 sacerdos
697 4636 1006 4692 remedium
1041 4636 1264 4691 videtur
1300 4636 1565 4707 indicare,
1602 4636 1821 4692 Aelian.
1860 4638 2189 4707 Apospasm.
2230 4642 2315 4692 89.

530 4760 532 4763 ,
578 4718 631 4788 2)
670 4715 828 4787 κλίνη
867 4716 930 4772 δὲ
968 4717 1029 4773 ἐν
1067 4717 1223 4791 δεξιᾷ
1263 4727 1441 4774 κεῖται
1477 4727 1576 4773 τοῦ
1615 4718 1933 4793 ἀγάλματος
1968 4718 2131 4773 Paus,
2171 4717 2222 4774 X
2250 4723 2337 4784 32,
2371 4722 2453 4770 12.
