3611 5264
783 1409 1180 1504 Ἐγκώμιον
1236 1418 1335 1498 είς
1389 1413 1473 1482 τὰ
1526 1414 1868 1503 θαύματα
1924 1423 2058 1482 τοῦ
2114 1412 2323 1504 ἁγίου
2381 1416 2887 1505 ίερομάρτυρος

1623 1531 2092 1620 Θεράποντος.

497 1694 527 1748 1
641 1684 873 1766 Πολλή
900 1707 1014 1767 μοι
1041 1695 1175 1749 τῶν
1196 1687 1414 1767 λόγων
1436 1682 1533 1767 [ἡ]
1563 1684 1957 1765 πανήγυρις,
2032 1683 2323 1746 ἄλλοθεν
2354 1683 2561 1747 ἄλλου
2595 1685 3168 1768 περιβομβοῦντος

551 1782 674 1863 τὴν
719 1780 926 1864 ἀκοὴν
972 1781 1393 1865 διηγήμασιν,
1555 1780 1678 1845 οὐκ
1724 1779 2085 1862 ἀπατηλοῖς
2144 1781 2441 1865 ἱστορικῇ
2485 1783 2769 1866 κομψείᾳ
2821 1782 2940 1845 τὸν
2993 1790 3165 1846 νοῦν

553 1879 1058 1964 παρασύρουσιν
1189 1877 1355 1959 [ἀλλ’
1403 1877 1633 1953 αὐτοῖς
1660 1869 1762 1953 οἷς
1808 1878 2051 1942 παθὼν
2099 1876 2371 1954 ἕκαστος
2400 1875 2464 1955 ἐξ
2496 1875 2736 1941 ἑαυτοῦ
2782 1878 2903 1961 τὴν
2938 1881 3166 1943 πίστιν

554 1986 689 2040 τῶν
718 1973 1093 2057 λεγομένων
1122 1977 1252 2059 ἔχει
1283 1975 1553 2059 λαβών]
1594 1977 1731 2039 ἔστι
1774 1975 1903 2059 γὰρ
1940 1973 2102 2059 ἡμῖν
2139 1974 2222 2039 οὐ
2257 1972 2407 2060 περὶ
2444 1972 2920 2058 νεκρωθέντων
2955 1997 3164 2061 πραγ-

511 2086 535 2127 ⁶
556 2073 782 2157 μάτων
826 2072 1165 2151 ὑπόθεσις,
1383 2064 1478 2137 ὧν
1523 2071 1565 2155 ἡ
1610 2075 1976 2149 παλαίωσις
2024 2070 2332 2150 ἐξουσίαν
2375 2083 2514 2148 τοῖς
2563 2072 2948 2156 ἱστοροῦσιν
2994 2073 3166 2138 ἐνδί-

556 2171 723 2235 δωσι
857 2176 1164 2247 πιθανῶς
1208 2174 1462 2254 μᾶλλον
1506 2169 1547 2252 ἢ
1598 2167 1867 2252 ἀληθῶς
1904 2170 1985 2233 τὰ
2031 2170 2158 2252 ἤδη
2207 2167 2555 2255 φθαρέντα
2598 2168 3073 2256 προφέρεσθαι.

554 2276 671 2351 τῆς
717 2264 791 2333 δὲ
836 2276 966 2333 νῦν
1010 2267 1171 2351 ἡμῖν
1217 2266 1580 2351 ἐξηγήσεως
1690 2269 1889 2345 ζῶσιν
1936 2267 2025 2343 ὡς
2071 2266 2340 2350 ἀληθῶς
2384 2264 2495 2332 καὶ
2540 2264 2709 2352 ὑπὲρ
2757 2274 3078 2351 αἴσθησιν

556 2374 901 2431 κινοῦνται
947 2367 1028 2431 τὰ
1071 2367 1404 2450 θαύματα.
1552 2365 1920 2448 θαυμάτων
1965 2366 2093 2449 γὰρ
2140 2365 2181 2448 ἡ
2225 2373 2531 2449 παροῦσα
2576 2363 2921 2449 ὑπόθεσις,
3070 2359 3169 2431 ὧν

557 2462 778 2528 ἅπασα
822 2465 1004 2547 φυλή
1040 2487 1110 2529 τε
1154 2462 1265 2529 καὶ
1312 2467 1599 2547 γλῶσσα,
1636 2470 1879 2547 μικροῦ
1926 2459 2035 2526 καὶ
2081 2464 2163 2527 τὰ
2203 2459 2325 2546 ὑφ’
2379 2462 2573 2544 ἥλιον
2617 2462 2834 2528 πάντα
2877 2465 3167 2550 πληρού-

488 2575 539 2614 10
558 2583 742 2645 μενα,
906 2561 989 2626 οὐ
1034 2572 1256 2649 χεῖρας
1301 2564 1513 2647 μόνον
1558 2559 1891 2646 ἐπικροτεῑ
1944 2557 2055 2624 καὶ
2114 2563 2321 2645 στόμα
2375 2561 2541 2646 πρὸς
2587 2559 2804 2646 ὕμνον
2849 2560 3168 2647 ἀνακινεῖ,

558 2661 725 2727 ἀλλὰ
769 2658 878 2724 καὶ
917 2663 1143 2743 λόγοις
1177 2659 1349 2745 ἡμᾶς
1386 2660 1748 2746 ἐγγράφειν
1785 2656 2219 2744 προτρέπεται
2355 2655 2463 2722 καὶ
2502 2658 2788 2725 τουτωνὶ
2825 2672 2958 2726 τῶν
2995 2667 3167 2726 θαυ-

558 2759 782 2842 μάτων
828 2758 946 2822 τὸν
992 2763 1208 2821 αἴτιον
1370 2756 1791 2841 ἐγκωμιάζειν
1842 2757 2252 2841 Θεράποντα,
2414 2756 2591 2832 ὅπως
2636 2756 2766 2839 μετ’
2828 2757 3171 2843 ἐγκωμίων

560 2853 662 2919 ἀεὶ
700 2856 778 2919 τὰ
824 2863 944 2919 τοῦ
992 2855 1256 2919 δικαίου
1303 2858 1564 2938 τελῆται
1611 2856 2022 2939 μνημόσυνα.
2186 2851 2313 2936 ἐγὼ
2361 2849 2435 2917 δὲ
2480 2857 2695 2919 καίτοι
2740 2865 2831 2942 τῷ
2880 2855 3168 2939 ἐμαυτοῦ

561 2953 894 3017 συνειδότι
952 2954 1377 3036 βαλλόμενος,
1559 2953 1648 3029 ὡς
1702 2951 1827 3016 οὐκ
1884 2949 2139 3037 ἀρκέσω
2196 2949 2563 3029 διεξελθεῖν
2617 2952 2735 3017 τὸν
2790 2954 2993 3035 ὄγκον
3045 2963 3168 3021 τοῦ

491 3080 541 3119 1⁶
564 3048 1045 3132 ἐγχειρήματος,
1218 3049 1331 3113 ἅτε
1375 3051 1738 3132 πενόμενος
1901 3050 2106 3130 λόγου
2152 3046 2260 3112 καὶ
2307 3047 2623 3133 πράξεως,
2786 3049 2960 3133 ὅμως
3002 3050 3170 3135 ὑφή-

562 3146 797 3221 νιάσας
842 3145 1127 3230 ἐμαυτὸν
1172 3155 1311 3221 τοῖς
1355 3149 1803 3229 προπίπτουσι
1851 3144 2130 3227 δέδωκα,
2274 3153 2368 3232 τῷ
2411 3150 2578 3233 θείῳ
2624 3148 2909 3232 μάρτυρι
2953 3148 3167 3235 τούτῳ

562 3239 1017 3328 τεθαρρηκώς,
1083 3243 1381 3318 δυνατῶς
1448 3245 1663 3326 ἔχοντι
1747 3243 1966 3327 ὥσπερ
2050 3252 2190 3318 τοῖς
2249 3244 2623 3327 θαύμασιν,
2837 3244 3009 3309 οὕτω
3086 3247 3169 3329 δὴ

563 3339 672 3405 καὶ
708 3352 847 3416 τοῖς
885 3343 1109 3422 λόγοις
1152 3340 1274 3421 τὴν
1320 3339 1639 3424 εὐπορίαν
1684 3342 2109 3424 χαρίσασθαι.
2289 3339 2410 3425 οὐχ
2466 3341 2636 3431 ἥττω
2698 3343 2824 3427 γὰρ
2878 3351 2992 3426 τῆς
3045 3351 3168 3408 τοῦ

564 3436 1077 3523 εὐφημουμένου
1124 3438 1333 3502 δεῖται
1380 3438 1724 3521 δυνάμεως
1905 3436 1940 3501 ὁ
1994 3435 2132 3501 κατ’
2189 3434 2383 3514 ἀξίαν
2430 3436 2690 3504 ἐκείνου
2734 3437 2993 3505 πλέκων
3042 3441 3166 3504 τὸν

494 3559 547 3597 20
567 3539 856 3601 ἔπαινον.

514 3643 551 3698 2
748 3635 812 3697 εἰ
853 3629 975 3716 μὲν
1021 3628 1146 3697 οὖν
1192 3630 1418 3718 ἑώρων
1465 3634 1650 3709 τινὰς
1694 3642 1774 3718 τῇ
1823 3632 2142 3718 ἐπιστήμῃ
2188 3643 2323 3697 τῶν
2369 3631 2620 3711 ἔξωθεν
2664 3636 3034 3719 χαίροντας,

565 3731 651 3814 ἣν
697 3730 936 3796 ἐκεῖνοι
983 3739 1121 3806 τοῖς
1169 3728 1514 3813 ἐγκωμίοις
1560 3728 1994 3813 ἐπιτιθέασιν,
2140 3725 2321 3813 εἶχον
2367 3730 2450 3795 ὀὲν
2495 3729 2604 3796 καὶ
2650 3732 2967 3817 πατρίδος
3011 3737 3172 3816 λαμ-

568 3989 743 4070 Βίος
816 3988 891 4056 ἐν
964 3984 1297 4078 συντόμῳ
1371 3986 1489 4054 καὶ
1557 3987 1801 4079 μερικὴ
1871 3988 2264 4076 θαυμάτων
2336 3990 2667 4079 διήγησις
2745 3997 2881 4057 τοῦ
2961 3986 3173 4077 ἁγίου

684 4101 802 4168 καὶ
855 4094 1156 4181 ἐνδόξου
1212 4103 1719 4192 ίερομάρτυρος
1780 4104 2232 4192 Θεράποντος
2286 4102 2689 4172 ἐπισκόπου
2746 4103 3071 4193 Κύπρου.

1529 4213 1926 4307 εὐλόγησον
1981 4219 2213 4308 πάτερ.

384 4397 426 4440 n
449 4397 553 4437 1-2
739 4365 809 4431 Ὁ
862 4366 1049 4450 ἅγιος
1103 4360 1299 4443 οὗτος
1359 4366 1470 4433 καὶ
1533 4366 1802 4446 ἔνδοξος
1867 4369 2256 4456 ίερόμαρτυς
2318 4380 2439 4436 τοῦ
2497 4374 2789 4457 Χριστοῦ
2849 4371 3177 4457 Θεράπων

574 4465 925 4541 ἐπίσκοπος
982 4461 1258 4547 γέγονεν
1317 4463 1391 4528 ἐν
1449 4465 1732 4550 Κύπρῳ,
1791 4465 2063 4552 ἀρχαῖος
2139 4466 2307 4553 ἀνὴρ
2366 4467 2476 4533 καὶ
2532 4470 2920 4553 θαυμαστὸς
2975 4470 3178 4535 πάνυ.

757 4698 806 4759 1,
835 4697 863 4745 1
903 4689 1095 4747 πολλοί
1132 4692 1182 4744 Α
1213 4693 1223 4763 Ι
1257 4697 1323 4745 13
1360 4693 1593 4746 τελεῖται
1629 4693 1679 4745 Α
