<?xml version="1.0" encoding="UTF-8"?>
<!DOCTYPE html PUBLIC "-//W3C//DTD XHTML 1.0 Transitional//EN"
    "http://www.w3.org/TR/xhtml1/DTD/xhtml1-transitional.dtd">
<html xmlns="http://www.w3.org/1999/xhtml" xml:lang="en" lang="en">
 <head>
  <title>
</title>
<meta http-equiv="Content-Type" content="text/html;charset=utf-8" />
  <meta name='ocr-system' content='tesseract 3.04.00' />
  <meta name='ocr-capabilities' content='ocr_page ocr_carea ocr_par ocr_line ocrx_word'/>
</head>
<body>
  <div class='ocr_page' id='page_1' title='image "./deincubationeca02deubgoog_0013.png"; bbox 0 0 3611 5264; ppageno 0'>
   <div class='ocr_carea' id='block_1_1' title="bbox 296 1359 2986 4086">
    <p class='ocr_par' dir='ltr' id='par_1_1' title="bbox 1319 1359 2037 1587">
     <span class='ocr_line' id='line_1_1' title="bbox 1501 1359 1851 1446; baseline -0.003 -21"><span class='ocrx_word' id='word_1_1' title='bbox 1501 1359 1747 1446; x_wconf 85' lang='lat' dir='ltr'><strong>Caput</strong></span> <span class='ocrx_word' id='word_1_2' title='bbox 1802 1359 1851 1425; x_wconf 93' lang='grc' dir='ltr'><strong>Ι.</strong></span> 
     </span>
     <span class='ocr_line' id='line_1_2' title="bbox 1319 1519 2037 1587; baseline 0.001 -1"><span class='ocrx_word' id='word_1_3' title='bbox 1319 1519 1411 1587; x_wconf 88' lang='lat' dir='ltr'><strong>De</strong></span> <span class='ocrx_word' id='word_1_4' title='bbox 1459 1520 1727 1587; x_wconf 84' lang='lat' dir='ltr'><strong>somniis</strong></span> <span class='ocrx_word' id='word_1_5' title='bbox 1774 1519 2037 1587; x_wconf 82' lang='lat' dir='ltr'><strong>divinis.</strong></span> 
     </span>
    </p>

    <p class='ocr_par' dir='ltr' id='par_1_2' title="bbox 367 1661 2986 2627">
     <span class='ocr_line' id='line_1_3' title="bbox 548 1661 2985 1749; baseline 0.001 -23"><span class='ocrx_word' id='word_1_6' title='bbox 548 1661 876 1738; x_wconf 83' lang='lat' dir='ltr'><strong>Quantum</strong></span> <span class='ocrx_word' id='word_1_7' title='bbox 922 1684 1069 1726; x_wconf 91' lang='lat' dir='ltr'><strong>cum</strong></span> <span class='ocrx_word' id='word_1_8' title='bbox 1113 1663 1286 1746; x_wconf 90' lang='lat' dir='ltr'><strong>apud</strong></span> <span class='ocrx_word' id='word_1_9' title='bbox 1330 1662 1493 1727; x_wconf 86' lang='lat' dir='ltr'><strong>alios</strong></span> <span class='ocrx_word' id='word_1_10' title='bbox 1537 1663 1816 1748; x_wconf 85' lang='lat' dir='ltr'><strong>populos</strong></span> <span class='ocrx_word' id='word_1_11' title='bbox 1853 1662 2156 1747; x_wconf 91' lang='lat' dir='ltr'><strong>antiquos</strong></span> <span class='ocrx_word' id='word_1_12' title='bbox 2200 1667 2344 1727; x_wconf 91' lang='lat' dir='ltr'><strong>tum</strong></span> <span class='ocrx_word' id='word_1_13' title='bbox 2388 1664 2560 1749; x_wconf 86' lang='lat' dir='ltr'><strong>apud</strong></span> <span class='ocrx_word' id='word_1_14' title='bbox 2597 1661 2874 1728; x_wconf 80' lang='lat' dir='ltr'><strong>Graecos</strong></span> <span class='ocrx_word' id='word_1_15' title='bbox 2920 1667 2985 1728; x_wconf 91' lang='lat' dir='ltr'><strong>et</strong></span> 
     </span>
     <span class='ocr_line' id='line_1_4' title="bbox 368 1759 2986 1846; baseline 0.001 -24"><span class='ocrx_word' id='word_1_16' title='bbox 368 1759 698 1824; x_wconf 89' lang='lat' dir='ltr'><strong>Romanos</strong></span> <span class='ocrx_word' id='word_1_17' title='bbox 747 1759 996 1824; x_wconf 87' lang='lat' dir='ltr'><strong>somnia</strong></span> <span class='ocrx_word' id='word_1_18' title='bbox 1041 1760 1380 1845; x_wconf 83' lang='lat' dir='ltr'><strong>valuerint,</strong></span> <span class='ocrx_word' id='word_1_19' title='bbox 1425 1761 1518 1824; x_wconf 87' lang='lat' dir='ltr'><strong>ita</strong></span> <span class='ocrx_word' id='word_1_20' title='bbox 1563 1766 1638 1825; x_wconf 89' lang='lat' dir='ltr'><strong>ut</strong></span> <span class='ocrx_word' id='word_1_21' title='bbox 1683 1761 1751 1824; x_wconf 97' lang='lat' dir='ltr'><strong>in</strong></span> <span class='ocrx_word' id='word_1_22' title='bbox 1797 1761 2202 1846; x_wconf 85' lang='lat' dir='ltr'><strong>gravissimis</strong></span> <span class='ocrx_word' id='word_1_23' title='bbox 2249 1784 2505 1846; x_wconf 88' lang='lat' dir='ltr'><strong>quoque</strong></span> <span class='ocrx_word' id='word_1_24' title='bbox 2551 1762 2644 1826; x_wconf 92' lang='lat' dir='ltr'><strong>rei</strong></span> <span class='ocrx_word' id='word_1_25' title='bbox 2690 1761 2986 1845; x_wconf 87' lang='lat' dir='ltr'><strong>publicae</strong></span> 
     </span>
     <span class='ocr_line' id='line_1_5' title="bbox 369 1856 2985 1944; baseline 0 -23"><span class='ocrx_word' id='word_1_26' title='bbox 369 1857 651 1944; x_wconf 87' lang='lat' dir='ltr'><strong>negotiis</strong></span> <span class='ocrx_word' id='word_1_27' title='bbox 696 1856 921 1922; x_wconf 88' lang='lat' dir='ltr'><strong>habita</strong></span> <span class='ocrx_word' id='word_1_28' title='bbox 968 1858 1055 1922; x_wconf 91' lang='lat' dir='ltr'><strong>sit</strong></span> <span class='ocrx_word' id='word_1_29' title='bbox 1103 1880 1325 1922; x_wconf 90' lang='lat' dir='ltr'><strong>eorum</strong></span> <span class='ocrx_word' id='word_1_30' title='bbox 1371 1858 1566 1943; x_wconf 89' lang='lat' dir='ltr'><strong>ratio,</strong></span> <span class='ocrx_word' id='word_1_31' title='bbox 1623 1859 1782 1923; x_wconf 86' lang='lat' dir='ltr'><strong>satis</strong></span> <span class='ocrx_word' id='word_1_32' title='bbox 1830 1862 2085 1933; x_wconf 85' lang='lat' dir='ltr'><strong>constat</strong></span> <span class='ocrx_word' id='word_1_33' title='bbox 2131 1880 2451 1944; x_wconf 80' lang='lat' dir='ltr'>superque</span> <span class='ocrx_word' id='word_1_34' title='bbox 2496 1881 2704 1943; x_wconf 91' lang='lat' dir='ltr'><strong>neque</strong></span> <span class='ocrx_word' id='word_1_35' title='bbox 2750 1859 2818 1922; x_wconf 91' lang='lat' dir='ltr'><strong>in</strong></span> <span class='ocrx_word' id='word_1_36' title='bbox 2863 1859 2985 1922; x_wconf 90' lang='lat' dir='ltr'><strong>hac</strong></span> 
     </span>
     <span class='ocr_line' id='line_1_6' title="bbox 369 1955 2985 2040; baseline 0.001 -22"><span class='ocrx_word' id='word_1_37' title='bbox 369 1977 438 2018; x_wconf 92' lang='lat' dir='ltr'><strong>re</strong></span> <span class='ocrx_word' id='word_1_38' title='bbox 496 1955 840 2020; x_wconf 77' lang='lat' dir='ltr'><strong>tritissima</strong></span> <span class='ocrx_word' id='word_1_39' title='bbox 908 1955 1109 2020; x_wconf 76' lang='lat' dir='ltr'><strong>ullam</strong></span> <span class='ocrx_word' id='word_1_40' title='bbox 1178 1955 1473 2021; x_wconf 84' lang='lat' dir='ltr'><strong>voculam</strong></span> <span class='ocrx_word' id='word_1_41' title='bbox 1538 1978 1760 2020; x_wconf 90' lang='lat' dir='ltr'><strong>sumus</strong></span> <span class='ocrx_word' id='word_1_42' title='bbox 1831 1956 2130 2021; x_wconf 88' lang='lat' dir='ltr'><strong>addituri.</strong></span> <span class='ocrx_word' id='word_1_43' title='bbox 2235 1956 2333 2020; x_wconf 94' lang='lat' dir='ltr'><strong>De</strong></span> <span class='ocrx_word' id='word_1_44' title='bbox 2406 1956 2674 2021; x_wconf 91' lang='lat' dir='ltr'><strong>somniis</strong></span> <span class='ocrx_word' id='word_1_45' title='bbox 2731 1956 2985 2040; x_wconf 83' lang='lat' dir='ltr'><strong>divinis,</strong></span> 
     </span>
     <span class='ocr_line' id='line_1_7' title="bbox 367 2052 2984 2140; baseline 0 -25"><span class='ocrx_word' id='word_1_46' title='bbox 367 2052 429 2116; x_wconf 90' lang='lat' dir='ltr'><strong>h.</strong></span> <span class='ocrx_word' id='word_1_47' title='bbox 469 2075 519 2116; x_wconf 92' lang='lat' dir='ltr'><strong>e.</strong></span> <span class='ocrx_word' id='word_1_48' title='bbox 568 2052 803 2137; x_wconf 89' lang='lat' dir='ltr'><strong>quibus</strong></span> <span class='ocrx_word' id='word_1_49' title='bbox 850 2053 948 2118; x_wconf 84' lang='lat' dir='ltr'><strong>vis</strong></span> <span class='ocrx_word' id='word_1_50' title='bbox 1005 2053 1175 2118; x_wconf 90' lang='lat' dir='ltr'><strong>inest</strong></span> <span class='ocrx_word' id='word_1_51' title='bbox 1228 2054 1434 2119; x_wconf 89' lang='lat' dir='ltr'><strong>futuri</strong></span> <span class='ocrx_word' id='word_1_52' title='bbox 1489 2053 1990 2140; x_wconf 75' lang='lat' dir='ltr'><strong>praesentiendi,</strong></span> <span class='ocrx_word' id='word_1_53' title='bbox 2046 2077 2397 2139; x_wconf 92' lang='lat' dir='ltr'><strong>eorumque</strong></span> <span class='ocrx_word' id='word_1_54' title='bbox 2453 2054 2694 2139; x_wconf 91' lang='lat' dir='ltr'><strong>indole,</strong></span> <span class='ocrx_word' id='word_1_55' title='bbox 2753 2053 2829 2117; x_wconf 92' lang='lat' dir='ltr'><strong>de</strong></span> <span class='ocrx_word' id='word_1_56' title='bbox 2885 2053 2984 2117; x_wconf 84' lang='lat' dir='ltr'><strong>dis</strong></span> 
     </span>
     <span class='ocr_line' id='line_1_8' title="bbox 368 2148 2984 2237; baseline -0 -23"><span class='ocrx_word' id='word_1_57' title='bbox 368 2148 472 2214; x_wconf 83' lang='lat' dir='ltr'><strong>vel</strong></span> <span class='ocrx_word' id='word_1_58' title='bbox 518 2149 935 2215; x_wconf 88' lang='lat' dir='ltr'><strong>daemonibus</strong></span> <span class='ocrx_word' id='word_1_59' title='bbox 983 2150 1294 2216; x_wconf 83' lang='lat' dir='ltr'><strong>divinitus</strong></span> <span class='ocrx_word' id='word_1_60' title='bbox 1341 2150 1577 2237; x_wconf 80' lang='lat' dir='ltr'><strong>missiS,</strong></span> <span class='ocrx_word' id='word_1_61' title='bbox 1624 2151 1736 2236; x_wconf 91' lang='lat' dir='ltr'><strong>qui</strong></span> <span class='ocrx_word' id='word_1_62' title='bbox 1781 2150 1851 2214; x_wconf 93' lang='lat' dir='ltr'><strong>in</strong></span> <span class='ocrx_word' id='word_1_63' title='bbox 1889 2152 2205 2216; x_wconf 89' lang='lat' dir='ltr'><strong>eiusmodi</strong></span> <span class='ocrx_word' id='word_1_64' title='bbox 2252 2152 2522 2216; x_wconf 86' lang='lat' dir='ltr'><strong>somniis</strong></span> <span class='ocrx_word' id='word_1_65' title='bbox 2568 2151 2984 2236; x_wconf 83' lang='lat' dir='ltr'><strong>apparebant,</strong></span> 
     </span>
     <span class='ocr_line' id='line_1_9' title="bbox 369 2247 2984 2332; baseline 0 -22"><span class='ocrx_word' id='word_1_66' title='bbox 369 2269 716 2332; x_wconf 91' lang='lat' dir='ltr'><strong>eorumque</strong></span> <span class='ocrx_word' id='word_1_67' title='bbox 761 2247 992 2315; x_wconf 87' lang='lat' dir='ltr'><strong>habitu</strong></span> <span class='ocrx_word' id='word_1_68' title='bbox 1037 2249 1347 2313; x_wconf 87' lang='lat' dir='ltr'><strong>nonnulla</strong></span> <span class='ocrx_word' id='word_1_69' title='bbox 1403 2250 1471 2313; x_wconf 93' lang='lat' dir='ltr'><strong>in</strong></span> <span class='ocrx_word' id='word_1_70' title='bbox 1525 2249 1650 2313; x_wconf 91' lang='lat' dir='ltr'><strong>hoc</strong></span> <span class='ocrx_word' id='word_1_71' title='bbox 1704 2249 1916 2332; x_wconf 91' lang='lat' dir='ltr'><strong>capite</strong></span> <span class='ocrx_word' id='word_1_72' title='bbox 1978 2249 2190 2332; x_wconf 90' lang='lat' dir='ltr'><strong>primo</strong></span> <span class='ocrx_word' id='word_1_73' title='bbox 2254 2248 2724 2313; x_wconf 74' lang='lat' dir='ltr'><strong>adnotabimus,</strong></span> <span class='ocrx_word' id='word_1_74' title='bbox 2809 2247 2984 2324; x_wconf 84' lang='lat' dir='ltr'><strong>Quae</strong></span> 
     </span>
     <span class='ocr_line' id='line_1_10' title="bbox 367 2342 2978 2432; baseline 0 -24"><span class='ocrx_word' id='word_1_75' title='bbox 367 2347 583 2408; x_wconf 89' lang='lat' dir='ltr'><strong>tamen</strong></span> <span class='ocrx_word' id='word_1_76' title='bbox 611 2349 954 2429; x_wconf 90' lang='lat' dir='ltr'><strong>antequam</strong></span> <span class='ocrx_word' id='word_1_77' title='bbox 985 2346 1292 2432; x_wconf 88' lang='lat' dir='ltr'><strong>ineamus,</strong></span> <span class='ocrx_word' id='word_1_78' title='bbox 1322 2348 1531 2412; x_wconf 84' lang='lat' dir='ltr'><strong>varias</strong></span> <span class='ocrx_word' id='word_1_79' title='bbox 1560 2348 1974 2430; x_wconf 90' lang='lat' dir='ltr'><strong>praemittere</strong></span> <span class='ocrx_word' id='word_1_80' title='bbox 2002 2346 2194 2411; x_wconf 88' lang='lat' dir='ltr'><strong>liceat</strong></span> <span class='ocrx_word' id='word_1_81' title='bbox 2222 2346 2703 2412; x_wconf 85' lang='lat' dir='ltr'><strong>observationes</strong></span> <span class='ocrx_word' id='word_1_82' title='bbox 2744 2342 2978 2430; x_wconf 90' lang='lat' dir='ltr'><strong>quibus</strong></span> 
     </span>
     <span class='ocr_line' id='line_1_11' title="bbox 368 2442 2976 2529; baseline 0 -24"><span class='ocrx_word' id='word_1_83' title='bbox 368 2442 689 2526; x_wconf 90' lang='lat' dir='ltr'><strong>quomodo</strong></span> <span class='ocrx_word' id='word_1_84' title='bbox 736 2443 988 2528; x_wconf 88' lang='lat' dir='ltr'><strong>antiqui</strong></span> <span class='ocrx_word' id='word_1_85' title='bbox 1034 2444 1286 2508; x_wconf 89' lang='lat' dir='ltr'><strong>somnia</strong></span> <span class='ocrx_word' id='word_1_86' title='bbox 1332 2444 1820 2528; x_wconf 83' lang='lat' dir='ltr'><strong>dispertiverint</strong></span> <span class='ocrx_word' id='word_1_87' title='bbox 1865 2466 2155 2529; x_wconf 91' lang='lat' dir='ltr'><strong>quaeque</strong></span> <span class='ocrx_word' id='word_1_88' title='bbox 2202 2465 2425 2508; x_wconf 87' lang='lat' dir='ltr'><strong>eorum</strong></span> <span class='ocrx_word' id='word_1_89' title='bbox 2462 2464 2695 2529; x_wconf 82' lang='lat' dir='ltr'><strong>genera</strong></span> <span class='ocrx_word' id='word_1_90' title='bbox 2743 2442 2976 2506; x_wconf 89' lang='lat' dir='ltr'><strong>discre-</strong></span> 
     </span>
     <span class='ocr_line' id='line_1_12' title="bbox 367 2540 1354 2627; baseline 0.002 -23"><span class='ocrx_word' id='word_1_91' title='bbox 367 2540 578 2604; x_wconf 83' lang='lat' dir='ltr'><strong>verint</strong></span> <span class='ocrx_word' id='word_1_92' title='bbox 622 2540 927 2605; x_wconf 83' lang='lat' dir='ltr'><strong>brevibus</strong></span> <span class='ocrx_word' id='word_1_93' title='bbox 974 2541 1354 2627; x_wconf 85' lang='lat' dir='ltr'><strong>attingatur.</strong></span> 
     </span>
    </p>

    <p class='ocr_par' dir='ltr' id='par_1_3' title="bbox 296 2637 2984 4086">
     <span class='ocr_line' id='line_1_13' title="bbox 546 2637 2975 2727; baseline -0 -24"><span class='ocrx_word' id='word_1_94' title='bbox 546 2637 686 2715; x_wconf 81' lang='lat' dir='ltr'><strong>Qua</strong></span> <span class='ocrx_word' id='word_1_95' title='bbox 731 2639 800 2703; x_wconf 90' lang='lat' dir='ltr'><strong>in</strong></span> <span class='ocrx_word' id='word_1_96' title='bbox 847 2661 915 2702; x_wconf 90' lang='lat' dir='ltr'><strong>re</strong></span> <span class='ocrx_word' id='word_1_97' title='bbox 961 2639 1294 2704; x_wconf 81' lang='lat' dir='ltr'><strong>concinere</strong></span> <span class='ocrx_word' id='word_1_98' title='bbox 1341 2663 1504 2725; x_wconf 91' lang='lat' dir='ltr'><strong>quae</strong></span> <span class='ocrx_word' id='word_1_99' title='bbox 1554 2641 1724 2725; x_wconf 90' lang='lat' dir='ltr'><strong>apud</strong></span> <span class='ocrx_word' id='word_1_100' title='bbox 1770 2639 2256 2705; x_wconf 83' lang='lat' dir='ltr'><strong>Artemidorum</strong></span> <span class='ocrx_word' id='word_1_101' title='bbox 2303 2638 2656 2727; x_wconf 85' lang='lat' dir='ltr'><strong>(Oneirocr.</strong></span> <span class='ocrx_word' id='word_1_102' title='bbox 2694 2638 2726 2703; x_wconf 98' lang='lat' dir='ltr'>I</span> <span class='ocrx_word' id='word_1_103' title='bbox 2762 2639 2804 2702; x_wconf 80' lang='lat'>2</span> <span class='ocrx_word' id='word_1_104' title='bbox 2842 2662 2901 2722; x_wconf 92' lang='lat' dir='ltr'><strong>p.</strong></span> <span class='ocrx_word' id='word_1_105' title='bbox 2933 2638 2975 2702; x_wconf 82' lang='lat'>5</span> 
     </span>
     <span class='ocr_line' id='line_1_14' title="bbox 366 2734 2975 2824; baseline 0 -26"><span class='ocrx_word' id='word_1_106' title='bbox 366 2734 629 2822; x_wconf 89' lang='lat' dir='ltr'><strong>Herch.)</strong></span> <span class='ocrx_word' id='word_1_107' title='bbox 687 2739 751 2799; x_wconf 93' lang='lat' dir='ltr'><strong>et</strong></span> <span class='ocrx_word' id='word_1_108' title='bbox 805 2735 1208 2800; x_wconf 87' lang='lat' dir='ltr'><strong>Macrobium</strong></span> <span class='ocrx_word' id='word_1_109' title='bbox 1263 2735 1508 2823; x_wconf 83' lang='lat' dir='ltr'><strong>(Somn.</strong></span> <span class='ocrx_word' id='word_1_110' title='bbox 1571 2736 1738 2821; x_wconf 86' lang='lat' dir='ltr'><strong>Scip.</strong></span> <span class='ocrx_word' id='word_1_111' title='bbox 1783 2737 1816 2801; x_wconf 92' lang='lat' dir='ltr'>I</span> <span class='ocrx_word' id='word_1_112' title='bbox 1854 2738 1913 2823; x_wconf 86' lang='lat'><strong>3,</strong></span> <span class='ocrx_word' id='word_1_113' title='bbox 1944 2737 2013 2824; x_wconf 80' lang='lat'><strong>2)</strong></span> <span class='ocrx_word' id='word_1_114' title='bbox 2070 2738 2375 2822; x_wconf 82' lang='lat' dir='ltr'><strong>leguntur</strong></span> <span class='ocrx_word' id='word_1_115' title='bbox 2430 2737 2559 2802; x_wconf 89' lang='lat' dir='ltr'><strong>iam</strong></span> <span class='ocrx_word' id='word_1_116' title='bbox 2613 2736 2975 2801; x_wconf 87' lang='lat' dir='ltr'><strong>Buechsen-</strong></span> 
     </span>
     <span class='ocr_line' id='line_1_15' title="bbox 368 2832 2980 2920; baseline 0.001 -24"><span class='ocrx_word' id='word_1_117' title='bbox 368 2832 731 2896; x_wconf 88' lang='lat' dir='ltr'><strong>schuetzius</strong></span> <span class='ocrx_word' id='word_1_118' title='bbox 797 2832 1051 2897; x_wconf 92' lang='lat' dir='ltr'><strong>monuit</strong></span> <span class='ocrx_word' id='word_1_119' title='bbox 1063 2832 1131 2920; x_wconf 79' lang='lat'><strong>¹).</strong></span> <span class='ocrx_word' id='word_1_120' title='bbox 1223 2833 1701 2898; x_wconf 87' lang='lat' dir='ltr'><strong>Enumerantur</strong></span> <span class='ocrx_word' id='word_1_121' title='bbox 1765 2836 1936 2899; x_wconf 91' lang='lat' dir='ltr'><strong>enim</strong></span> <span class='ocrx_word' id='word_1_122' title='bbox 2009 2835 2090 2899; x_wconf 95' lang='lat' dir='ltr'><strong>ab</strong></span> <span class='ocrx_word' id='word_1_123' title='bbox 2154 2833 2569 2898; x_wconf 86' lang='lat' dir='ltr'><strong>Artemidoro</strong></span> <span class='ocrx_word' id='word_1_124' title='bbox 2634 2834 2980 2918; x_wconf 79' lang='grc' dir='ltr'><em>ἐνύπνιον,</em></span> 
     </span>
     <span class='ocr_line' id='line_1_16' title="bbox 367 2930 2977 3020; baseline -0 -25"><span class='ocrx_word' id='word_1_125' title='bbox 367 2930 739 3015; x_wconf 79' lang='grc' dir='ltr'><em>φάντασμα,</em></span> <span class='ocrx_word' id='word_1_126' title='bbox 777 2932 1057 3017; x_wconf 76' lang='grc' dir='ltr'><em>ὄνειρος,</em></span> <span class='ocrx_word' id='word_1_127' title='bbox 1095 2931 1331 3017; x_wconf 79' lang='grc' dir='ltr'><strong><em>ὅραμα,</em></strong></span> <span class='ocrx_word' id='word_1_128' title='bbox 1376 2935 1824 3019; x_wconf 79' lang='grc' dir='ltr'><em>χρηματισμός</em></span> <span class='ocrx_word' id='word_1_129' title='bbox 1836 2930 1909 3020; x_wconf 77' lang='lat'><strong>²),</strong></span> <span class='ocrx_word' id='word_1_130' title='bbox 1947 2955 1986 2996; x_wconf 86' lang='lat' dir='ltr'><strong>a</strong></span> <span class='ocrx_word' id='word_1_131' title='bbox 2020 2931 2352 2996; x_wconf 88' lang='lat' dir='ltr'><strong>Macrobio</strong></span> <span class='ocrx_word' id='word_1_132' title='bbox 2391 2934 2650 3018; x_wconf 79' lang='grc' dir='ltr'><em>ὄνειρος</em></span> <span class='ocrx_word' id='word_1_133' title='bbox 2687 2968 2771 2978; x_wconf 87' lang='lat'><strong>—-—</strong></span> <span class='ocrx_word' id='word_1_134' title='bbox 2811 2953 2977 2995; x_wconf 88' lang='lat' dir='ltr'><strong>som-</strong></span> 
     </span>
     <span class='ocr_line' id='line_1_17' title="bbox 365 3027 2981 3114; baseline 0 -23"><span class='ocrx_word' id='word_1_135' title='bbox 365 3027 574 3111; x_wconf 90' lang='lat' dir='ltr'><strong>nium,</strong></span> <span class='ocrx_word' id='word_1_136' title='bbox 630 3027 843 3111; x_wconf 79' lang='grc' dir='ltr'>ὅραμα</span> <span class='ocrx_word' id='word_1_137' title='bbox 874 3065 956 3073; x_wconf 94' lang='grc'>-</span> <span class='ocrx_word' id='word_1_138' title='bbox 987 3027 1186 3111; x_wconf 84' lang='lat' dir='ltr'><strong>visi0,</strong></span> <span class='ocrx_word' id='word_1_139' title='bbox 1241 3032 1687 3114; x_wconf 79' lang='grc' dir='ltr'><em>χρηματισμός</em></span> <span class='ocrx_word' id='word_1_140' title='bbox 1716 3068 1799 3076; x_wconf 87' lang='lat'><em>—</em></span> <span class='ocrx_word' id='word_1_141' title='bbox 1840 3029 2197 3114; x_wconf 90' lang='lat' dir='ltr'><strong>oraculum,</strong></span> <span class='ocrx_word' id='word_1_142' title='bbox 2258 3028 2580 3095; x_wconf 81' lang='grc' dir='ltr'><em>ἐνύπνιον</em></span> <span class='ocrx_word' id='word_1_143' title='bbox 2619 3065 2702 3075; x_wconf 90' lang='lat'><strong>—-</strong></span> <span class='ocrx_word' id='word_1_144' title='bbox 2742 3028 2981 3092; x_wconf 90' lang='lat' dir='ltr'><strong>insom-</strong></span> 
     </span>
     <span class='ocr_line' id='line_1_18' title="bbox 351 3123 2982 3211; baseline 0.001 -23"><span class='ocrx_word' id='word_1_145' title='bbox 351 3124 566 3209; x_wconf 74' lang='lat' dir='ltr'><strong>nium,</strong></span> <span class='ocrx_word' id='word_1_146' title='bbox 603 3123 957 3209; x_wconf 79' lang='grc' dir='ltr'><em>φάντασμα</em></span> <span class='ocrx_word' id='word_1_147' title='bbox 988 3163 1070 3171; x_wconf 92' lang='grc'>-</span> <span class='ocrx_word' id='word_1_148' title='bbox 1100 3125 1330 3190; x_wconf 83' lang='lat' dir='ltr'><strong>visum.</strong></span> <span class='ocrx_word' id='word_1_149' title='bbox 1407 3124 1613 3202; x_wconf 82' lang='lat' dir='ltr'><strong>Quam</strong></span> <span class='ocrx_word' id='word_1_150' title='bbox 1643 3129 2042 3192; x_wconf 89' lang='lat' dir='ltr'><strong>somniorum</strong></span> <span class='ocrx_word' id='word_1_151' title='bbox 2072 3126 2591 3211; x_wconf 89' lang='lat' dir='ltr'><strong>dispertitionem</strong></span> <span class='ocrx_word' id='word_1_152' title='bbox 2620 3126 2982 3209; x_wconf 90' lang='lat' dir='ltr'><strong>antiquitus</strong></span> 
     </span>
     <span class='ocr_line' id='line_1_19' title="bbox 366 3221 2983 3310; baseline 0.001 -25"><span class='ocrx_word' id='word_1_153' title='bbox 366 3222 676 3286; x_wconf 86' lang='lat' dir='ltr'><strong>usitatam</strong></span> <span class='ocrx_word' id='word_1_154' title='bbox 721 3221 923 3287; x_wconf 90' lang='lat' dir='ltr'><strong>fuisse</strong></span> <span class='ocrx_word' id='word_1_155' title='bbox 970 3243 1086 3287; x_wconf 92' lang='lat' dir='ltr'><strong>suo</strong></span> <span class='ocrx_word' id='word_1_156' title='bbox 1135 3221 1273 3286; x_wconf 92' lang='lat' dir='ltr'><strong>iure</strong></span> <span class='ocrx_word' id='word_1_157' title='bbox 1311 3222 1584 3288; x_wconf 88' lang='lat' dir='ltr'><strong>coniecit</strong></span> <span class='ocrx_word' id='word_1_158' title='bbox 1631 3224 1801 3289; x_wconf 93' lang='lat' dir='ltr'><strong>idem</strong></span> <span class='ocrx_word' id='word_1_159' title='bbox 1837 3225 2557 3310; x_wconf 88' lang='lat' dir='ltr'><strong>Buechsenschuetzius,</strong></span> <span class='ocrx_word' id='word_1_160' title='bbox 2603 3224 2983 3309; x_wconf 85' lang='lat' dir='ltr'><strong>praesertim</strong></span> 
     </span>
     <span class='ocr_line' id='line_1_20' title="bbox 367 3317 2983 3404; baseline 0.001 -21"><span class='ocrx_word' id='word_1_161' title='bbox 367 3340 514 3383; x_wconf 90' lang='lat' dir='ltr'><strong>cum</strong></span> <span class='ocrx_word' id='word_1_162' title='bbox 577 3317 1028 3385; x_wconf 90' lang='lat' dir='ltr'><strong>Artemidorus</strong></span> <span class='ocrx_word' id='word_1_163' title='bbox 1095 3319 1173 3383; x_wconf 92' lang='lat' dir='ltr'><strong>de</strong></span> <span class='ocrx_word' id='word_1_164' title='bbox 1238 3321 1748 3404; x_wconf 72' lang='lat' dir='ltr'><strong>‘phantasmate&#39;</strong></span> <span class='ocrx_word' id='word_1_165' title='bbox 1813 3322 1983 3387; x_wconf 90' lang='lat' dir='ltr'><strong>inter</strong></span> <span class='ocrx_word' id='word_1_166' title='bbox 2040 3322 2282 3387; x_wconf 87' lang='lat' dir='ltr'><strong>multos</strong></span> <span class='ocrx_word' id='word_1_167' title='bbox 2342 3322 2505 3386; x_wconf 89' lang='lat' dir='ltr'><strong>alios</strong></span> <span class='ocrx_word' id='word_1_168' title='bbox 2564 3321 2983 3386; x_wconf 86' lang='lat' dir='ltr'><strong>Artemonem</strong></span> 
     </span>
     <span class='ocr_line' id='line_1_21' title="bbox 368 3415 2982 3504; baseline 0.001 -25"><span class='ocrx_word' id='word_1_169' title='bbox 368 3415 687 3500; x_wconf 91' lang='lat' dir='ltr'><strong>quendam</strong></span> <span class='ocrx_word' id='word_1_170' title='bbox 714 3415 1042 3481; x_wconf 88' lang='lat' dir='ltr'><strong>Milesium</strong></span> <span class='ocrx_word' id='word_1_171' title='bbox 1081 3422 1276 3502; x_wconf 90' lang='lat' dir='ltr'><strong>atque</strong></span> <span class='ocrx_word' id='word_1_172' title='bbox 1301 3418 1638 3483; x_wconf 91' lang='lat' dir='ltr'><strong>Phoebum</strong></span> <span class='ocrx_word' id='word_1_173' title='bbox 1677 3419 1995 3504; x_wconf 88' lang='lat' dir='ltr'><strong>quendam</strong></span> <span class='ocrx_word' id='word_1_174' title='bbox 2032 3418 2539 3484; x_wconf 86' lang='lat' dir='ltr'><strong>Antiochensem</strong></span> <span class='ocrx_word' id='word_1_175' title='bbox 2578 3418 2982 3504; x_wconf 84' lang='lat' dir='ltr'><strong>explanatius</strong></span> 
     </span>
     <span class='ocr_line' id='line_1_22' title="bbox 368 3512 2983 3604; baseline 0.002 -28"><span class='ocrx_word' id='word_1_176' title='bbox 368 3512 577 3598; x_wconf 82' lang='lat' dir='ltr'><strong>egisse</strong></span> <span class='ocrx_word' id='word_1_177' title='bbox 624 3513 1161 3601; x_wconf 73' lang='lat' dir='ltr'><strong>commemoret3).</strong></span> <span class='ocrx_word' id='word_1_178' title='bbox 1252 3515 1391 3581; x_wconf 88' lang='lat' dir='ltr'><strong>Nec</strong></span> <span class='ocrx_word' id='word_1_179' title='bbox 1447 3516 1796 3600; x_wconf 82' lang='lat' dir='ltr'><strong>discordat,</strong></span> <span class='ocrx_word' id='word_1_180' title='bbox 1845 3517 2017 3601; x_wconf 94' lang='lat' dir='ltr'><strong>quod</strong></span> <span class='ocrx_word' id='word_1_181' title='bbox 2062 3517 2433 3582; x_wconf 88' lang='lat' dir='ltr'><strong>Macrobius</strong></span> <span class='ocrx_word' id='word_1_182' title='bbox 2480 3518 2620 3600; x_wconf 90' lang='lat' dir='ltr'><strong>ipse</strong></span> <span class='ocrx_word' id='word_1_183' title='bbox 2676 3516 2766 3603; x_wconf 87' lang='lat'><strong>(3,</strong></span> <span class='ocrx_word' id='word_1_184' title='bbox 2800 3516 2866 3604; x_wconf 93' lang='lat'><strong>1)</strong></span> <span class='ocrx_word' id='word_1_185' title='bbox 2915 3517 2983 3580; x_wconf 91' lang='lat' dir='ltr'><strong>in</strong></span> 
     </span>
     <span class='ocr_line' id='line_1_23' title="bbox 368 3607 2984 3698; baseline 0.002 -24"><span class='ocrx_word' id='word_1_186' title='bbox 368 3610 769 3675; x_wconf 90' lang='lat' dir='ltr'><strong>somniorum</strong></span> <span class='ocrx_word' id='word_1_187' title='bbox 828 3612 1171 3696; x_wconf 88' lang='lat' dir='ltr'><strong>generibus</strong></span> <span class='ocrx_word' id='word_1_188' title='bbox 1231 3612 1582 3677; x_wconf 85' lang='lat' dir='ltr'><strong>tractandis</strong></span> <span class='ocrx_word' id='word_1_189' title='bbox 1651 3613 1775 3678; x_wconf 88' lang='lat' dir='ltr'><strong>hoc</strong></span> <span class='ocrx_word' id='word_1_190' title='bbox 1844 3614 2035 3678; x_wconf 92' lang='lat' dir='ltr'><strong>modo</strong></span> <span class='ocrx_word' id='word_1_191' title='bbox 2097 3614 2352 3697; x_wconf 89' lang='lat' dir='ltr'><strong>incipit:</strong></span> <span class='ocrx_word' id='word_1_192' title='bbox 2416 3618 2788 3698; x_wconf 76' lang='lat' dir='ltr'><strong>„antequam</strong></span> <span class='ocrx_word' id='word_1_193' title='bbox 2840 3607 2984 3695; x_wconf 78' lang='lat' dir='ltr'><strong>ipsa</strong></span> 
     </span>
     <span class='ocr_line' id='line_1_24' title="bbox 366 3709 2984 3794; baseline 0.001 -22"><span class='ocrx_word' id='word_1_194' title='bbox 366 3709 598 3773; x_wconf 85' lang='lat' dir='ltr'><strong>somnii</strong></span> <span class='ocrx_word' id='word_1_195' title='bbox 639 3709 827 3773; x_wconf 80' lang='lat' dir='ltr'><strong>verba</strong></span> <span class='ocrx_word' id='word_1_196' title='bbox 861 3714 1206 3787; x_wconf 78' lang='lat' dir='ltr'><strong>traetemn3‚</strong></span> <span class='ocrx_word' id='word_1_197' title='bbox 1241 3710 1430 3792; x_wconf 77' lang='lat' dir='ltr'><strong>prins</strong></span> <span class='ocrx_word' id='word_1_198' title='bbox 1466 3716 1611 3792; x_wconf 79' lang='lat' dir='ltr'><strong>quot</strong></span> <span class='ocrx_word' id='word_1_199' title='bbox 1643 3711 2006 3776; x_wconf 80' lang='lat' dir='ltr'><strong>somniandi</strong></span> <span class='ocrx_word' id='word_1_200' title='bbox 2040 3713 2250 3776; x_wconf 82' lang='lat' dir='ltr'><strong>modos</strong></span> <span class='ocrx_word' id='word_1_201' title='bbox 2286 3712 2622 3776; x_wconf 82' lang='lat' dir='ltr'><strong>observatio</strong></span> <span class='ocrx_word' id='word_1_202' title='bbox 2658 3712 2984 3794; x_wconf 78' lang='lat' dir='ltr'><strong>deprehen-</strong></span> 
     </span>
     <span class='ocr_line' id='line_1_25' title="bbox 368 3805 2984 3891; baseline 0.001 -22"><span class='ocrx_word' id='word_1_203' title='bbox 368 3806 551 3883; x_wconf 86' lang='lat' dir='ltr'><strong>derit,</strong></span> <span class='ocrx_word' id='word_1_204' title='bbox 616 3823 756 3870; x_wconf 79' lang='lat' dir='ltr'><strong>enni</strong></span> <span class='ocrx_word' id='word_1_205' title='bbox 809 3805 1124 3871; x_wconf 78' lang='lat' dir='ltr'><strong>licentiam</strong></span> <span class='ocrx_word' id='word_1_206' title='bbox 1166 3808 1541 3889; x_wconf 77' lang='lat' dir='ltr'><strong>ftynrarum,</strong></span> <span class='ocrx_word' id='word_1_207' title='bbox 1595 3829 1753 3891; x_wconf 78' lang='lat' dir='ltr'><strong>qnae</strong></span> <span class='ocrx_word' id='word_1_208' title='bbox 1793 3809 2044 3891; x_wconf 75' lang='lat' dir='ltr'><strong>passim</strong></span> <span class='ocrx_word' id='word_1_209' title='bbox 2105 3809 2546 3891; x_wconf 74' lang='lat' dir='ltr'><strong>quiescentibus</strong></span> <span class='ocrx_word' id='word_1_210' title='bbox 2598 3807 2984 3891; x_wconf 71' lang='lat' dir='ltr'><strong>inyernntwr,</strong></span> 
     </span>
     <span class='ocr_line' id='line_1_26' title="bbox 296 3902 2982 3992; baseline 0.001 -27"><span class='ocrx_word' id='word_1_211' title='bbox 296 3969 313 3992; x_wconf 32' lang='lat' dir='ltr'>x</span> <span class='ocrx_word' id='word_1_212' title='bbox 367 3902 479 3966; x_wconf 80' lang='lat' dir='ltr'><strong>sub</strong></span> <span class='ocrx_word' id='word_1_213' title='bbox 543 3903 964 3985; x_wconf 75' lang='lat' dir='ltr'><strong>definitionem</strong></span> <span class='ocrx_word' id='word_1_214' title='bbox 1026 3924 1102 3968; x_wconf 85' lang='lat' dir='ltr'><strong>ae</strong></span> <span class='ocrx_word' id='word_1_215' title='bbox 1163 3903 1443 3987; x_wconf 63' lang='lat' dir='ltr'><strong>regulam</strong></span> <span class='ocrx_word' id='word_1_216' title='bbox 1501 3910 1831 3971; x_wconf 75' lang='lat' dir='ltr'><strong>vetustas</strong></span> <span class='ocrx_word' id='word_1_217' title='bbox 1898 3906 2182 3983; x_wconf 84' lang='lat' dir='ltr'><strong>mitteret,</strong></span> <span class='ocrx_word' id='word_1_218' title='bbox 2247 3903 2693 3969; x_wconf 77' lang='lat' dir='ltr'><strong>edisseramus“</strong></span> <span class='ocrx_word' id='word_1_219' title='bbox 2746 3925 2795 3968; x_wconf 93' lang='lat' dir='ltr'><strong>e.</strong></span> <span class='ocrx_word' id='word_1_220' title='bbox 2835 3926 2894 3988; x_wconf 89' lang='lat' dir='ltr'><strong>q.</strong></span> <span class='ocrx_word' id='word_1_221' title='bbox 2934 3926 2982 3968; x_wconf 89' lang='lat' dir='ltr'><strong>s.</strong></span> 
     </span>
     <span class='ocr_line' id='line_1_27' title="bbox 367 3996 2984 4086; baseline 0.001 -23"><span class='ocrx_word' id='word_1_222' title='bbox 367 3996 654 4084; x_wconf 85' lang='lat' dir='ltr'><strong>Accedit,</strong></span> <span class='ocrx_word' id='word_1_223' title='bbox 702 3999 876 4084; x_wconf 90' lang='lat' dir='ltr'><strong>quod</strong></span> <span class='ocrx_word' id='word_1_224' title='bbox 922 3999 1141 4064; x_wconf 86' lang='lat' dir='ltr'><strong>eadem</strong></span> <span class='ocrx_word' id='word_1_225' title='bbox 1199 4000 1566 4083; x_wconf 83' lang='lat' dir='ltr'><strong>dispertitio</strong></span> <span class='ocrx_word' id='word_1_226' title='bbox 1611 4002 1782 4086; x_wconf 86' lang='lat' dir='ltr'><strong>apud</strong></span> <span class='ocrx_word' id='word_1_227' title='bbox 1830 4002 2210 4086; x_wconf 88' lang='lat' dir='ltr'><strong>scriptorem</strong></span> <span class='ocrx_word' id='word_1_228' title='bbox 2255 4000 2687 4085; x_wconf 82' lang='lat' dir='ltr'><strong>Byzantinum</strong></span> <span class='ocrx_word' id='word_1_229' title='bbox 2747 4001 2984 4066; x_wconf 89' lang='lat' dir='ltr'><strong>saeculi</strong></span> 
     </span>
    </p>
   </div>
   <div class='ocr_carea' id='block_1_2' title="bbox 369 4095 2984 4280">
    <p class='ocr_par' dir='ltr' id='par_1_4' title="bbox 369 4095 2984 4280">
     <span class='ocr_line' id='line_1_28' title="bbox 369 4095 2983 4184; baseline 0.002 -25"><span class='ocrx_word' id='word_1_230' title='bbox 369 4095 600 4160; x_wconf 90' lang='lat' dir='ltr'><strong>decimi</strong></span> <span class='ocrx_word' id='word_1_231' title='bbox 658 4097 874 4181; x_wconf 90' lang='lat' dir='ltr'><strong>quarti</strong></span> <span class='ocrx_word' id='word_1_232' title='bbox 928 4098 1236 4181; x_wconf 88' lang='lat' dir='ltr'><strong>occurrit,</strong></span> <span class='ocrx_word' id='word_1_233' title='bbox 1293 4097 1734 4183; x_wconf 88' lang='lat' dir='ltr'><strong>Nicephorum</strong></span> <span class='ocrx_word' id='word_1_234' title='bbox 1789 4099 1934 4164; x_wconf 92' lang='lat' dir='ltr'><strong>dico</strong></span> <span class='ocrx_word' id='word_1_235' title='bbox 1991 4099 2343 4184; x_wconf 80' lang='lat' dir='ltr'><strong>Gregoram</strong></span> <span class='ocrx_word' id='word_1_236' title='bbox 2398 4099 2467 4161; x_wconf 92' lang='lat' dir='ltr'><strong>in</strong></span> <span class='ocrx_word' id='word_1_237' title='bbox 2522 4101 2983 4163; x_wconf 89' lang='lat' dir='ltr'><strong>commentario</strong></span> 
     </span>
     <span class='ocr_line' id='line_1_29' title="bbox 372 4193 2984 4280; baseline 0.001 -23"><span class='ocrx_word' id='word_1_238' title='bbox 372 4194 512 4258; x_wconf 91' lang='lat' dir='ltr'><strong>eius</strong></span> <span class='ocrx_word' id='word_1_239' title='bbox 557 4193 640 4257; x_wconf 91' lang='lat' dir='ltr'><strong>ad</strong></span> <span class='ocrx_word' id='word_1_240' title='bbox 685 4193 942 4278; x_wconf 84' lang='lat' dir='ltr'><strong>Synesii</strong></span> <span class='ocrx_word' id='word_1_241' title='bbox 989 4194 1066 4259; x_wconf 92' lang='lat' dir='ltr'><strong>de</strong></span> <span class='ocrx_word' id='word_1_242' title='bbox 1112 4195 1451 4259; x_wconf 89' lang='lat' dir='ltr'><strong>insomniis</strong></span> <span class='ocrx_word' id='word_1_243' title='bbox 1497 4195 1739 4260; x_wconf 89' lang='lat' dir='ltr'><strong>librum</strong></span> <span class='ocrx_word' id='word_1_244' title='bbox 1787 4197 2029 4280; x_wconf 85' lang='lat' dir='ltr'><strong>scripto</strong></span> <span class='ocrx_word' id='word_1_245' title='bbox 2040 4247 2058 4280; x_wconf 95' lang='lat'><strong>,</strong></span> <span class='ocrx_word' id='word_1_246' title='bbox 2110 4194 2225 4258; x_wconf 90' lang='lat' dir='ltr'><strong>ubi</strong></span> <span class='ocrx_word' id='word_1_247' title='bbox 2281 4195 2559 4260; x_wconf 90' lang='lat' dir='ltr'><strong>similem</strong></span> <span class='ocrx_word' id='word_1_248' title='bbox 2606 4196 2674 4259; x_wconf 91' lang='lat' dir='ltr'><strong>in</strong></span> <span class='ocrx_word' id='word_1_249' title='bbox 2721 4196 2984 4261; x_wconf 91' lang='lat' dir='ltr'><strong>modum</strong></span> 
     </span>
    </p>
   </div>
   <div class='ocr_carea' id='block_1_3' title="bbox 366 4338 792 4346">
    <p class='ocr_par' dir='ltr' id='par_1_5' title="bbox 366 4338 792 4346">
     <span class='ocr_line' id='line_1_30' title="bbox 366 4338 792 4346; baseline 0 0"><span class='ocrx_word' id='word_1_250' title='bbox 366 4338 792 4346; x_wconf 95' lang='lat' dir='ltr'><strong> </strong></span> 
     </span>
    </p>
   </div>
   <div class='ocr_carea' id='block_1_4' title="bbox 370 4419 2982 4811">
    <p class='ocr_par' dir='ltr' id='par_1_6' title="bbox 547 4419 1788 4492">
     <span class='ocr_line' id='line_1_31' title="bbox 547 4419 1788 4492; baseline 0.002 -17"><span class='ocrx_word' id='word_1_251' title='bbox 547 4424 598 4490; x_wconf 93' lang='lat'><strong>1)</strong></span> <span class='ocrx_word' id='word_1_252' title='bbox 636 4419 847 4474; x_wconf 82' lang='lat' dir='ltr'><strong>Traum</strong></span> <span class='ocrx_word' id='word_1_253' title='bbox 883 4423 999 4476; x_wconf 87' lang='lat' dir='ltr'><strong>und</strong></span> <span class='ocrx_word' id='word_1_254' title='bbox 1037 4422 1505 4492; x_wconf 83' lang='lat' dir='ltr'><strong>Traumdeutung</strong></span> <span class='ocrx_word' id='word_1_255' title='bbox 1538 4439 1593 4492; x_wconf 88' lang='lat' dir='ltr'><strong>p.</strong></span> <span class='ocrx_word' id='word_1_256' title='bbox 1624 4427 1695 4476; x_wconf 81' lang='lat'><strong>59</strong></span> <span class='ocrx_word' id='word_1_257' title='bbox 1706 4439 1788 4491; x_wconf 86' lang='lat' dir='ltr'><strong>sq.</strong></span> 
     </span>
    </p>

    <p class='ocr_par' dir='ltr' id='par_1_7' title="bbox 370 4498 2980 4653">
     <span class='ocr_line' id='line_1_32' title="bbox 546 4498 2980 4576; baseline 0.001 -22"><span class='ocrx_word' id='word_1_258' title='bbox 546 4506 601 4570; x_wconf 82' lang='lat'><strong>2)</strong></span> <span class='ocrx_word' id='word_1_259' title='bbox 637 4500 674 4555; x_wconf 89' lang='lat' dir='ltr'><strong>l.</strong></span> <span class='ocrx_word' id='word_1_260' title='bbox 708 4517 779 4556; x_wconf 80' lang='lat' dir='ltr'><strong>c.:</strong></span> <span class='ocrx_word' id='word_1_261' title='bbox 820 4498 1011 4556; x_wconf 77' lang='grc' dir='ltr'><em>ἕπεται</em></span> <span class='ocrx_word' id='word_1_262' title='bbox 1047 4502 1110 4557; x_wconf 77' lang='grc' dir='ltr'><strong>δὲ</strong></span> <span class='ocrx_word' id='word_1_263' title='bbox 1145 4503 1380 4571; x_wconf 76' lang='grc' dir='ltr'><strong><em>τούτοις,</em></strong></span> <span class='ocrx_word' id='word_1_264' title='bbox 1415 4507 1492 4575; x_wconf 77' lang='grc' dir='ltr'><strong>τῷ</strong></span> <span class='ocrx_word' id='word_1_265' title='bbox 1529 4500 1631 4571; x_wconf 73' lang='grc' dir='ltr'><strong>μὲν</strong></span> <span class='ocrx_word' id='word_1_266' title='bbox 1668 4500 1913 4575; x_wconf 75' lang='grc' dir='ltr'><strong><em>ἐνυπνίῳ</em></strong></span> <span class='ocrx_word' id='word_1_267' title='bbox 1947 4507 2024 4575; x_wconf 76' lang='grc' dir='ltr'><strong>τῷ</strong></span> <span class='ocrx_word' id='word_1_268' title='bbox 2063 4502 2361 4576; x_wconf 78' lang='grc' dir='ltr'><strong><em>ἀσημάντῳ</em></strong></span> <span class='ocrx_word' id='word_1_269' title='bbox 2396 4504 2461 4557; x_wconf 85' lang='grc' dir='ltr'><strong>τὸ</strong></span> <span class='ocrx_word' id='word_1_270' title='bbox 2500 4504 2820 4573; x_wconf 74' lang='grc' dir='ltr'><strong><em>φάντασμα,</em></strong></span> <span class='ocrx_word' id='word_1_271' title='bbox 2861 4547 2872 4557; x_wconf 93' lang='grc'><strong>.</strong></span> <span class='ocrx_word' id='word_1_272' title='bbox 2914 4546 2926 4557; x_wconf 93' lang='grc'><strong>.</strong></span> <span class='ocrx_word' id='word_1_273' title='bbox 2970 4545 2980 4558; x_wconf 93' lang='grc'><em>.</em></span> 
     </span>
     <span class='ocr_line' id='line_1_33' title="bbox 370 4578 1656 4653; baseline 0.004 -20"><span class='ocrx_word' id='word_1_274' title='bbox 370 4583 445 4651; x_wconf 80' lang='grc' dir='ltr'><strong>τῷ</strong></span> <span class='ocrx_word' id='word_1_275' title='bbox 483 4578 546 4634; x_wconf 77' lang='grc' dir='ltr'><strong>δὲ</strong></span> <span class='ocrx_word' id='word_1_276' title='bbox 585 4578 783 4653; x_wconf 78' lang='grc' dir='ltr'><strong><em>ὀνείρῳ</em></strong></span> <span class='ocrx_word' id='word_1_277' title='bbox 823 4578 1006 4651; x_wconf 79' lang='grc' dir='ltr'><em>ὅραμά</em></span> <span class='ocrx_word' id='word_1_278' title='bbox 1042 4600 1100 4637; x_wconf 79' lang='grc' dir='ltr'><strong>τε</strong></span> <span class='ocrx_word' id='word_1_279' title='bbox 1138 4584 1234 4637; x_wconf 80' lang='grc' dir='ltr'><strong>καὶ</strong></span> <span class='ocrx_word' id='word_1_280' title='bbox 1270 4580 1656 4653; x_wconf 78' lang='grc' dir='ltr'><em>χρηματισμός.</em></span> 
     </span>
    </p>

    <p class='ocr_par' dir='ltr' id='par_1_8' title="bbox 372 4658 2982 4811">
     <span class='ocr_line' id='line_1_34' title="bbox 553 4658 2982 4731; baseline 0.002 -20"><span class='ocrx_word' id='word_1_281' title='bbox 553 4662 606 4728; x_wconf 86' lang='grc'><strong>3)</strong></span> <span class='ocrx_word' id='word_1_282' title='bbox 642 4659 680 4715; x_wconf 89' lang='lat' dir='ltr'><strong>l.</strong></span> <span class='ocrx_word' id='word_1_283' title='bbox 711 4678 783 4716; x_wconf 88' lang='lat' dir='ltr'><strong>c.:</strong></span> <span class='ocrx_word' id='word_1_284' title='bbox 823 4659 1143 4730; x_wconf 78' lang='grc' dir='ltr'><em>φάντασμα,</em></span> <span class='ocrx_word' id='word_1_285' title='bbox 1177 4663 1305 4730; x_wconf 80' lang='grc' dir='ltr'><em>περὶ</em></span> <span class='ocrx_word' id='word_1_286' title='bbox 1342 4658 1408 4716; x_wconf 79' lang='grc' dir='ltr'><strong>οὗ</strong></span> <span class='ocrx_word' id='word_1_287' title='bbox 1446 4661 1601 4716; x_wconf 75' lang='grc' dir='ltr'><em>ἄλλοι</em></span> <span class='ocrx_word' id='word_1_288' title='bbox 1636 4680 1695 4715; x_wconf 79' lang='grc' dir='ltr'><strong>τε</strong></span> <span class='ocrx_word' id='word_1_289' title='bbox 1731 4663 1929 4716; x_wconf 80' lang='grc' dir='ltr'><strong><em>πολλοὶ</em></strong></span> <span class='ocrx_word' id='word_1_290' title='bbox 1964 4663 2059 4715; x_wconf 77' lang='grc' dir='ltr'><strong>καὶ</strong></span> <span class='ocrx_word' id='word_1_291' title='bbox 2098 4662 2168 4731; x_wconf 79' lang='grc' dir='ltr'><strong>δὴ</strong></span> <span class='ocrx_word' id='word_1_292' title='bbox 2206 4664 2301 4716; x_wconf 79' lang='grc' dir='ltr'><strong>καὶ</strong></span> <span class='ocrx_word' id='word_1_293' title='bbox 2333 4659 2601 4730; x_wconf 79' lang='grc' dir='ltr'><strong><em>Ἀρτέμων</em></strong></span> <span class='ocrx_word' id='word_1_294' title='bbox 2638 4662 2668 4715; x_wconf 87' lang='grc' dir='ltr'>ὁ</span> <span class='ocrx_word' id='word_1_295' title='bbox 2706 4661 2982 4728; x_wconf 77' lang='grc' dir='ltr'><em>Μιλήσιος</em></span> 
     </span>
     <span class='ocr_line' id='line_1_35' title="bbox 372 4737 2313 4811; baseline 0.003 -21"><span class='ocrx_word' id='word_1_296' title='bbox 372 4738 468 4791; x_wconf 76' lang='grc' dir='ltr'><strong>καὶ</strong></span> <span class='ocrx_word' id='word_1_297' title='bbox 507 4741 713 4810; x_wconf 84' lang='grc' dir='ltr'>Φοῖβος</span> <span class='ocrx_word' id='word_1_298' title='bbox 749 4740 779 4793; x_wconf 83' lang='grc' dir='ltr'><strong>ὁ</strong></span> <span class='ocrx_word' id='word_1_299' title='bbox 810 4737 1117 4810; x_wconf 78' lang='grc' dir='ltr'><em>Ἀντιοχεὺς</em></span> <span class='ocrx_word' id='word_1_300' title='bbox 1154 4738 1515 4811; x_wconf 75' lang='grc' dir='ltr'><em>διειλεγμένοι</em></span> <span class='ocrx_word' id='word_1_301' title='bbox 1553 4739 1673 4798; x_wconf 77' lang='grc' dir='ltr'><strong><em>εἰσί.</em></strong></span> <span class='ocrx_word' id='word_1_302' title='bbox 1713 4739 1781 4795; x_wconf 87' lang='lat' dir='ltr'><strong>cf.</strong></span> <span class='ocrx_word' id='word_1_303' title='bbox 1812 4741 2046 4795; x_wconf 85' lang='lat' dir='ltr'><strong>Buechs.</strong></span> <span class='ocrx_word' id='word_1_304' title='bbox 2076 4760 2130 4811; x_wconf 91' lang='lat' dir='ltr'><strong>p.</strong></span> <span class='ocrx_word' id='word_1_305' title='bbox 2153 4748 2313 4810; x_wconf 62' lang='grc' dir='ltr'><strong>δοες.</strong></span> 
     </span>
    </p>
   </div>
   <div class='ocr_carea' id='block_1_5' title="bbox 475 4837 2550 4891">
    <p class='ocr_par' dir='ltr' id='par_1_9' title="bbox 475 4837 2550 4891">
     <span class='ocr_line' id='line_1_36' title="bbox 475 4837 2550 4891; baseline 0.004 -14"><span class='ocrx_word' id='word_1_306' title='bbox 475 4837 517 4876; x_wconf 86' lang='lat' dir='ltr'>D</span> <span class='ocrx_word' id='word_1_307' title='bbox 528 4848 552 4878; x_wconf 80' lang='lat' dir='ltr'><strong>e</strong></span> <span class='ocrx_word' id='word_1_308' title='bbox 561 4850 593 4877; x_wconf 86' lang='lat' dir='ltr'><strong>u</strong></span> <span class='ocrx_word' id='word_1_309' title='bbox 601 4839 631 4878; x_wconf 90' lang='lat' dir='ltr'><strong>b</strong></span> <span class='ocrx_word' id='word_1_310' title='bbox 641 4850 674 4878; x_wconf 85' lang='lat' dir='ltr'><strong>n</strong></span> <span class='ocrx_word' id='word_1_311' title='bbox 684 4849 709 4878; x_wconf 85' lang='lat' dir='ltr'><strong>e</strong></span> <span class='ocrx_word' id='word_1_312' title='bbox 720 4850 744 4878; x_wconf 85' lang='lat' dir='ltr'><strong>r</strong></span> <span class='ocrx_word' id='word_1_313' title='bbox 753 4869 766 4891; x_wconf 82' lang='lat'><strong>,</strong></span> <span class='ocrx_word' id='word_1_314' title='bbox 794 4839 851 4879; x_wconf 86' lang='lat' dir='ltr'><strong>de</strong></span> <span class='ocrx_word' id='word_1_315' title='bbox 880 4839 1188 4880; x_wconf 77' lang='lat' dir='ltr'><strong>incubatione.</strong></span> <span class='ocrx_word' id='word_1_316' title='bbox 2521 4838 2550 4885; x_wconf 88' lang='lat'><strong>1</strong></span> 
     </span>
    </p>
   </div>
  </div>
 </body>
</html>
