<?xml version="1.0" encoding="UTF-8"?>
<!DOCTYPE html PUBLIC "-//W3C//DTD XHTML 1.0 Transitional//EN"
    "http://www.w3.org/TR/xhtml1/DTD/xhtml1-transitional.dtd">
<html xmlns="http://www.w3.org/1999/xhtml" xml:lang="en" lang="en">
 <head>
  <title>
</title>
<meta http-equiv="Content-Type" content="text/html;charset=utf-8" />
  <meta name='ocr-system' content='tesseract 3.04.00' />
  <meta name='ocr-capabilities' content='ocr_page ocr_carea ocr_par ocr_line ocrx_word'/>
</head>
<body>
  <div class='ocr_page' id='page_1' title='image "./deincubationeca02deubgoog_0112.png"; bbox 0 0 3611 5264; ppageno 0'>
   <div class='ocr_carea' id='block_1_1' title="bbox 559 325 2011 394">
    <p class='ocr_par' dir='ltr' id='par_1_1' title="bbox 559 325 2011 394">
     <span class='ocr_line' id='line_1_1' title="bbox 559 325 2011 394; baseline -0.008 -4"><span class='ocrx_word' id='word_1_1' title='bbox 559 327 687 390; x_wconf 87' lang='lat' dir='ltr'>lOO</span> <span class='ocrx_word' id='word_1_2' title='bbox 1700 325 1884 394; x_wconf 83' lang='lat' dir='ltr'>Caput</span> <span class='ocrx_word' id='word_1_3' title='bbox 1918 325 2011 379; x_wconf 90' lang='lat' dir='ltr'>IV.</span> 
     </span>
    </p>
   </div>
   <div class='ocr_carea' id='block_1_2' title="bbox 534 487 3168 3139">
    <p class='ocr_par' dir='ltr' id='par_1_2' title="bbox 548 487 3168 771">
     <span class='ocr_line' id='line_1_2' title="bbox 550 487 3166 577; baseline -0.001 -22"><span class='ocrx_word' id='word_1_4' title='bbox 550 493 808 573; x_wconf 89' lang='grc' dir='ltr'><strong><em>λοιπόν,</em></strong></span> <span class='ocrx_word' id='word_1_5' title='bbox 856 490 996 555; x_wconf 85' lang='grc' dir='ltr'><strong><em>οὐκ</em></strong></span> <span class='ocrx_word' id='word_1_6' title='bbox 1043 492 1236 577; x_wconf 79' lang='grc' dir='ltr'><strong><em>ὄναρ</em></strong></span> <span class='ocrx_word' id='word_1_7' title='bbox 1295 492 1390 554; x_wconf 85' lang='grc' dir='ltr'>ἔτι</span> <span class='ocrx_word' id='word_1_8' title='bbox 1450 489 1551 575; x_wconf 90' lang='grc'>14,</span> <span class='ocrx_word' id='word_1_9' title='bbox 1584 489 1729 553; x_wconf 81' lang='lat'>174.</span> <span class='ocrx_word' id='word_1_10' title='bbox 1819 487 2026 553; x_wconf 84' lang='lat' dir='ltr'>Extra</span> <span class='ocrx_word' id='word_1_11' title='bbox 2080 488 2394 572; x_wconf 88' lang='lat' dir='ltr'>templum</span> <span class='ocrx_word' id='word_1_12' title='bbox 2448 487 2634 572; x_wconf 87' lang='lat' dir='ltr'>vigili</span> <span class='ocrx_word' id='word_1_13' title='bbox 2692 491 2994 574; x_wconf 84' lang='lat' dir='ltr'>aegrotae</span> <span class='ocrx_word' id='word_1_14' title='bbox 3049 512 3166 573; x_wconf 90' lang='lat' dir='ltr'>pu-</span> 
     </span>
     <span class='ocr_line' id='line_1_3' title="bbox 551 583 3168 674; baseline -0 -22"><span class='ocrx_word' id='word_1_15' title='bbox 551 593 726 653; x_wconf 91' lang='lat' dir='ltr'>teum</span> <span class='ocrx_word' id='word_1_16' title='bbox 794 588 1134 673; x_wconf 77' lang='lat' dir='ltr'>adgressae</span> <span class='ocrx_word' id='word_1_17' title='bbox 1213 597 1676 674; x_wconf 85' lang='grc' dir='ltr'><strong><em>παραφανεῖσα</em></strong></span> <span class='ocrx_word' id='word_1_18' title='bbox 1738 636 1752 651; x_wconf 91' lang='grc'><strong>.</strong></span> <span class='ocrx_word' id='word_1_19' title='bbox 1830 637 1844 651; x_wconf 92' lang='grc'><strong>.</strong></span> <span class='ocrx_word' id='word_1_20' title='bbox 1908 586 1949 670; x_wconf 80' lang='grc' dir='ltr'>ἡ</span> <span class='ocrx_word' id='word_1_21' title='bbox 2013 588 2265 673; x_wconf 78' lang='grc' dir='ltr'><strong><em>μάρτυς</em></strong></span> <span class='ocrx_word' id='word_1_22' title='bbox 2333 637 2346 651; x_wconf 91' lang='grc'><strong>.</strong></span> <span class='ocrx_word' id='word_1_23' title='bbox 2414 637 2427 652; x_wconf 93' lang='grc'><strong>.</strong></span> <span class='ocrx_word' id='word_1_24' title='bbox 2492 636 2507 651; x_wconf 91' lang='grc'><strong>.</strong></span> <span class='ocrx_word' id='word_1_25' title='bbox 2567 595 2683 669; x_wconf 91' lang='grc' dir='ltr'>τῆς</span> <span class='ocrx_word' id='word_1_26' title='bbox 2750 583 2874 670; x_wconf 75' lang='grc' dir='ltr'>μὲν</span> <span class='ocrx_word' id='word_1_27' title='bbox 2958 587 3168 673; x_wconf 90' lang='grc' dir='ltr'><strong><em>ὁρμῆς</em></strong></span> 
     </span>
     <span class='ocr_line' id='line_1_4' title="bbox 548 682 2841 771; baseline -0.002 -19"><span class='ocrx_word' id='word_1_28' title='bbox 548 689 792 752; x_wconf 79' lang='grc' dir='ltr'><strong><em>ἔπαυσε</em></strong></span> <span class='ocrx_word' id='word_1_29' title='bbox 842 738 853 749; x_wconf 96' lang='grc'><strong>.</strong></span> <span class='ocrx_word' id='word_1_30' title='bbox 902 735 917 750; x_wconf 91' lang='grc'><strong>.</strong></span> <span class='ocrx_word' id='word_1_31' title='bbox 964 735 979 750; x_wconf 95' lang='grc'><strong>.</strong></span> <span class='ocrx_word' id='word_1_32' title='bbox 1025 684 1134 752; x_wconf 85' lang='grc' dir='ltr'><strong><em>καὶ</em></strong></span> <span class='ocrx_word' id='word_1_33' title='bbox 1180 695 1386 750; x_wconf 91' lang='grc' dir='ltr'><strong><em>ταῦτα</em></strong></span> <span class='ocrx_word' id='word_1_34' title='bbox 1433 682 1507 750; x_wconf 71' lang='grc' dir='ltr'>δὲ</span> <span class='ocrx_word' id='word_1_35' title='bbox 1551 685 1755 771; x_wconf 91' lang='grc' dir='ltr'><strong><em>ύπαρ</em></strong></span> <span class='ocrx_word' id='word_1_36' title='bbox 1805 684 1946 750; x_wconf 86' lang='grc' dir='ltr'><strong><em>οὐκ</em></strong></span> <span class='ocrx_word' id='word_1_37' title='bbox 1992 687 2182 769; x_wconf 78' lang='grc' dir='ltr'><strong><em>ὄναρ</em></strong></span> <span class='ocrx_word' id='word_1_38' title='bbox 2232 684 2468 771; x_wconf 79' lang='grc' dir='ltr'><strong><em>ἐδρᾶτο</em></strong></span> <span class='ocrx_word' id='word_1_39' title='bbox 2516 684 2841 768; x_wconf 79' lang='lat' dir='ltr'>3‚142sq.</span> 
     </span>
    </p>

    <p class='ocr_par' dir='ltr' id='par_1_3' title="bbox 544 780 3167 1359">
     <span class='ocr_line' id='line_1_5' title="bbox 728 780 3166 869; baseline -0.001 -20"><span class='ocrx_word' id='word_1_40' title='bbox 728 784 889 849; x_wconf 84' lang='lat' dir='ltr'>Cum</span> <span class='ocrx_word' id='word_1_41' title='bbox 934 784 1273 849; x_wconf 89' lang='lat' dir='ltr'>universus</span> <span class='ocrx_word' id='word_1_42' title='bbox 1322 783 1647 848; x_wconf 82' lang='lat' dir='ltr'>Seleuciae</span> <span class='ocrx_word' id='word_1_43' title='bbox 1691 782 1973 867; x_wconf 92' lang='lat' dir='ltr'>populus</span> <span class='ocrx_word' id='word_1_44' title='bbox 2013 782 2344 847; x_wconf 92' lang='lat' dir='ltr'>oculorum</span> <span class='ocrx_word' id='word_1_45' title='bbox 2384 781 2787 868; x_wconf 79' lang='lat' dir='ltr'>aegritudine</span> <span class='ocrx_word' id='word_1_46' title='bbox 2807 780 2858 869; x_wconf 86' lang='grc'>1)</span> <span class='ocrx_word' id='word_1_47' title='bbox 2906 782 3166 867; x_wconf 87' lang='lat' dir='ltr'>adflige-</span> 
     </span>
     <span class='ocr_line' id='line_1_6' title="bbox 547 878 3166 969; baseline -0 -22"><span class='ocrx_word' id='word_1_48' title='bbox 547 888 751 967; x_wconf 89' lang='lat' dir='ltr'>retur,</span> <span class='ocrx_word' id='word_1_49' title='bbox 807 883 848 967; x_wconf 80' lang='grc' dir='ltr'>ἡ</span> <span class='ocrx_word' id='word_1_50' title='bbox 904 884 1155 969; x_wconf 77' lang='grc' dir='ltr'><strong><em>μάρτυς</em></strong></span> <span class='ocrx_word' id='word_1_51' title='bbox 1214 933 1226 945; x_wconf 95' lang='grc'><strong>.</strong></span> <span class='ocrx_word' id='word_1_52' title='bbox 1276 931 1290 945; x_wconf 95' lang='grc'><strong>.</strong></span> <span class='ocrx_word' id='word_1_53' title='bbox 1340 934 1352 946; x_wconf 95' lang='grc'><strong>.</strong></span> <span class='ocrx_word' id='word_1_54' title='bbox 1409 881 1662 964; x_wconf 79' lang='grc' dir='ltr'><strong><em>ἀνοίγει</em></strong></span> <span class='ocrx_word' id='word_1_55' title='bbox 1718 878 1843 965; x_wconf 73' lang='grc' dir='ltr'>μὲν</span> <span class='ocrx_word' id='word_1_56' title='bbox 1899 880 1972 945; x_wconf 80' lang='grc' dir='ltr'>ἐν</span> <span class='ocrx_word' id='word_1_57' title='bbox 2025 889 2116 967; x_wconf 74' lang='grc' dir='ltr'>τῷ</span> <span class='ocrx_word' id='word_1_58' title='bbox 2163 880 2365 965; x_wconf 86' lang='grc' dir='ltr'><strong><em>αὐτῆς</em></strong></span> <span class='ocrx_word' id='word_1_59' title='bbox 2417 879 2671 965; x_wconf 79' lang='grc' dir='ltr'><strong><em>τεμένει</em></strong></span> <span class='ocrx_word' id='word_1_60' title='bbox 2719 882 2793 944; x_wconf 89' lang='grc' dir='ltr'>τὸ</span> <span class='ocrx_word' id='word_1_61' title='bbox 2853 882 3166 967; x_wconf 80' lang='grc' dir='ltr'><strong><em>ἰατρεῖον,</em></strong></span> 
     </span>
     <span class='ocr_line' id='line_1_7' title="bbox 546 975 3166 1068; baseline -0.002 -21"><span class='ocrx_word' id='word_1_62' title='bbox 546 986 1012 1068; x_wconf 88' lang='grc' dir='ltr'><strong><em>προσκαλεῖται</em></strong></span> <span class='ocrx_word' id='word_1_63' title='bbox 1069 977 1143 1045; x_wconf 74' lang='grc' dir='ltr'>δὲ</span> <span class='ocrx_word' id='word_1_64' title='bbox 1205 989 1398 1066; x_wconf 87' lang='grc' dir='ltr'><strong><em>κοινῆ</em></strong></span> <span class='ocrx_word' id='word_1_65' title='bbox 1465 980 1718 1055; x_wconf 91' lang='grc' dir='ltr'><strong><em>πάντας</em></strong></span> <span class='ocrx_word' id='word_1_66' title='bbox 1778 979 1868 1055; x_wconf 79' lang='grc' dir='ltr'>ὡς</span> <span class='ocrx_word' id='word_1_67' title='bbox 1927 979 2163 1063; x_wconf 82' lang='grc' dir='ltr'><strong><em>αὐτήν,</em></strong></span> <span class='ocrx_word' id='word_1_68' title='bbox 2225 977 2324 1043; x_wconf 82' lang='grc' dir='ltr'>ἑνὶ</span> <span class='ocrx_word' id='word_1_69' title='bbox 2388 975 2512 1063; x_wconf 76' lang='grc' dir='ltr'>μὲν</span> <span class='ocrx_word' id='word_1_70' title='bbox 2575 990 2711 1044; x_wconf 81' lang='grc' dir='ltr'>τῶν</span> <span class='ocrx_word' id='word_1_71' title='bbox 2773 981 3166 1062; x_wconf 84' lang='grc' dir='ltr'><strong><em>πασχόντων</em></strong></span> 
     </span>
     <span class='ocr_line' id='line_1_8' title="bbox 546 1073 3165 1165; baseline -0.001 -21"><span class='ocrx_word' id='word_1_72' title='bbox 546 1089 742 1144; x_wconf 90' lang='grc' dir='ltr'><strong><em>τοῦτο</em></strong></span> <span class='ocrx_word' id='word_1_73' title='bbox 789 1079 1094 1165; x_wconf 84' lang='grc' dir='ltr'><strong><em>νύκτωρ</em></strong></span> <span class='ocrx_word' id='word_1_74' title='bbox 1143 1076 1728 1162; x_wconf 79' lang='grc' dir='ltr'><strong><em>διακελευσαμένη,</em></strong></span> <span class='ocrx_word' id='word_1_75' title='bbox 1782 1089 1955 1141; x_wconf 76' lang='grc' dir='ltr'><strong><em>πᾶσι</em></strong></span> <span class='ocrx_word' id='word_1_76' title='bbox 1991 1073 2065 1141; x_wconf 74' lang='grc' dir='ltr'>δὲ</span> <span class='ocrx_word' id='word_1_77' title='bbox 2113 1074 2208 1140; x_wconf 87' lang='grc' dir='ltr'>δι’</span> <span class='ocrx_word' id='word_1_78' title='bbox 2262 1076 2521 1142; x_wconf 80' lang='grc' dir='ltr'><strong><em>ἐκείνου</em></strong></span> <span class='ocrx_word' id='word_1_79' title='bbox 2576 1075 2941 1163; x_wconf 80' lang='grc' dir='ltr'><strong><em>κηρύξασα,</em></strong></span> <span class='ocrx_word' id='word_1_80' title='bbox 2998 1077 3165 1141; x_wconf 79' lang='grc' dir='ltr'><strong><em>ὥστε</em></strong></span> 
     </span>
     <span class='ocr_line' id='line_1_9' title="bbox 545 1175 3167 1265; baseline -0.002 -23"><span class='ocrx_word' id='word_1_81' title='bbox 545 1187 637 1265; x_wconf 80' lang='grc' dir='ltr'>τῷ</span> <span class='ocrx_word' id='word_1_82' title='bbox 684 1176 886 1261; x_wconf 88' lang='grc' dir='ltr'><strong><em>αὐτῆς</em></strong></span> <span class='ocrx_word' id='word_1_83' title='bbox 921 1180 1298 1262; x_wconf 85' lang='grc' dir='ltr'><strong><em>χρήσασθαι</em></strong></span> <span class='ocrx_word' id='word_1_84' title='bbox 1336 1180 1594 1262; x_wconf 76' lang='grc' dir='ltr'><strong><em>λουτρῷ</em></strong></span> <span class='ocrx_word' id='word_1_85' title='bbox 1630 1176 1884 1251; x_wconf 85' lang='grc' dir='ltr'><strong><em>πάντας</em></strong></span> <span class='ocrx_word' id='word_1_86' title='bbox 1918 1177 2076 1251; x_wconf 84' lang='grc' dir='ltr'><strong><em>τοὺς</em></strong></span> <span class='ocrx_word' id='word_1_87' title='bbox 2111 1184 2205 1262; x_wconf 76' lang='grc' dir='ltr'>τῷ</span> <span class='ocrx_word' id='word_1_88' title='bbox 2241 1175 2446 1240; x_wconf 82' lang='grc' dir='ltr'><strong><em>πάθει</em></strong></span> <span class='ocrx_word' id='word_1_89' title='bbox 2481 1175 2694 1262; x_wconf 78' lang='grc' dir='ltr'><strong><em>τούτῳ</em></strong></span> <span class='ocrx_word' id='word_1_90' title='bbox 2732 1195 3167 1257; x_wconf 86' lang='grc' dir='ltr'><strong><em>παραπεπτω-</em></strong></span> 
     </span>
     <span class='ocr_line' id='line_1_10' title="bbox 544 1273 1024 1359; baseline -0.004 -20"><span class='ocrx_word' id='word_1_91' title='bbox 544 1278 742 1351; x_wconf 86' lang='grc' dir='ltr'><strong><em>κότας</em></strong></span> <span class='ocrx_word' id='word_1_92' title='bbox 787 1275 847 1359; x_wconf 87' lang='grc'>9,</span> <span class='ocrx_word' id='word_1_93' title='bbox 880 1273 1024 1338; x_wconf 91' lang='grc'><strong>156.</strong></span> 
     </span>
    </p>

    <p class='ocr_par' dir='ltr' id='par_1_4' title="bbox 542 1369 3164 1847">
     <span class='ocr_line' id='line_1_11' title="bbox 722 1369 3164 1454; baseline -0 -17"><span class='ocrx_word' id='word_1_94' title='bbox 722 1372 924 1437; x_wconf 84' lang='lat' dir='ltr'>Fures</span> <span class='ocrx_word' id='word_1_95' title='bbox 981 1371 1223 1436; x_wconf 91' lang='lat' dir='ltr'>indicat</span> <span class='ocrx_word' id='word_1_96' title='bbox 1275 1370 1514 1436; x_wconf 78' lang='lat' dir='ltr'>Thecla</span> <span class='ocrx_word' id='word_1_97' title='bbox 1567 1391 1684 1435; x_wconf 90' lang='lat' dir='ltr'>nec</span> <span class='ocrx_word' id='word_1_98' title='bbox 1728 1392 1860 1435; x_wconf 90' lang='lat' dir='ltr'>non</span> <span class='ocrx_word' id='word_1_99' title='bbox 1906 1369 2147 1454; x_wconf 92' lang='lat' dir='ltr'>locum,</span> <span class='ocrx_word' id='word_1_100' title='bbox 2194 1369 2305 1433; x_wconf 91' lang='lat' dir='ltr'>ubi</span> <span class='ocrx_word' id='word_1_101' title='bbox 2358 1369 2690 1436; x_wconf 81' lang='lat' dir='ltr'>conditum</span> <span class='ocrx_word' id='word_1_102' title='bbox 2744 1373 2844 1435; x_wconf 89' lang='lat' dir='ltr'>est</span> <span class='ocrx_word' id='word_1_103' title='bbox 2888 1370 3164 1437; x_wconf 82' lang='lat' dir='ltr'>furtum:</span> 
     </span>
     <span class='ocr_line' id='line_1_12' title="bbox 548 1466 3164 1555; baseline -0 -21"><span class='ocrx_word' id='word_1_104' title='bbox 548 1471 951 1555; x_wconf 82' lang='grc' dir='ltr'><strong><em>καταμηνύει</em></strong></span> <span class='ocrx_word' id='word_1_105' title='bbox 996 1468 1106 1534; x_wconf 86' lang='grc' dir='ltr'><strong><em>καὶ</em></strong></span> <span class='ocrx_word' id='word_1_106' title='bbox 1152 1472 1272 1535; x_wconf 89' lang='grc' dir='ltr'>τὸν</span> <span class='ocrx_word' id='word_1_107' title='bbox 1331 1472 1540 1535; x_wconf 89' lang='grc' dir='ltr'><strong><em>τόπον</em></strong></span> <span class='ocrx_word' id='word_1_108' title='bbox 1593 1467 1701 1533; x_wconf 85' lang='grc' dir='ltr'><strong><em>καὶ</em></strong></span> <span class='ocrx_word' id='word_1_109' title='bbox 1760 1469 1834 1534; x_wconf 89' lang='grc' dir='ltr'>τὸ</span> <span class='ocrx_word' id='word_1_110' title='bbox 1890 1472 2137 1554; x_wconf 84' lang='grc' dir='ltr'><strong><em>χωρίον</em></strong></span> <span class='ocrx_word' id='word_1_111' title='bbox 2190 1466 2300 1534; x_wconf 83' lang='grc' dir='ltr'><strong><em>καὶ</em></strong></span> <span class='ocrx_word' id='word_1_112' title='bbox 2355 1470 2474 1534; x_wconf 89' lang='grc' dir='ltr'>τὸν</span> <span class='ocrx_word' id='word_1_113' title='bbox 2533 1480 2726 1555; x_wconf 82' lang='grc' dir='ltr'><strong><em>φῶρα</em></strong></span> <span class='ocrx_word' id='word_1_114' title='bbox 2774 1466 2833 1554; x_wconf 91' lang='grc'>5,</span> <span class='ocrx_word' id='word_1_115' title='bbox 2866 1468 3009 1532; x_wconf 87' lang='grc'><strong>148.</strong></span> <span class='ocrx_word' id='word_1_116' title='bbox 3085 1470 3164 1533; x_wconf 86' lang='lat' dir='ltr'>cf.</span> 
     </span>
     <span class='ocr_line' id='line_1_13' title="bbox 542 1565 3164 1652; baseline -0.001 -20"><span class='ocrx_word' id='word_1_117' title='bbox 542 1569 684 1632; x_wconf 89' lang='lat' dir='ltr'>mir.</span> <span class='ocrx_word' id='word_1_118' title='bbox 726 1571 783 1633; x_wconf 81' lang='lat'>6.</span> <span class='ocrx_word' id='word_1_119' title='bbox 878 1567 1253 1652; x_wconf 82' lang='lat' dir='ltr'>Comparari</span> <span class='ocrx_word' id='word_1_120' title='bbox 1300 1570 1517 1652; x_wconf 87' lang='lat' dir='ltr'>potest</span> <span class='ocrx_word' id='word_1_121' title='bbox 1563 1566 1725 1631; x_wconf 92' lang='lat' dir='ltr'>illud</span> <span class='ocrx_word' id='word_1_122' title='bbox 1769 1588 1848 1630; x_wconf 86' lang='lat' dir='ltr'>ex</span> <span class='ocrx_word' id='word_1_123' title='bbox 1895 1566 2149 1630; x_wconf 90' lang='lat' dir='ltr'>iamatis</span> <span class='ocrx_word' id='word_1_124' title='bbox 2188 1565 2559 1650; x_wconf 88' lang='lat' dir='ltr'>Epidauriis</span> <span class='ocrx_word' id='word_1_125' title='bbox 2605 1566 3005 1649; x_wconf 80' lang='lat' dir='ltr'>miraculum,</span> <span class='ocrx_word' id='word_1_126' title='bbox 3050 1567 3164 1630; x_wconf 92' lang='lat' dir='ltr'>ubi</span> 
     </span>
     <span class='ocr_line' id='line_1_14' title="bbox 542 1663 3161 1751; baseline -0 -22"><span class='ocrx_word' id='word_1_127' title='bbox 542 1665 962 1750; x_wconf 81' lang='lat' dir='ltr'>Aesculapius</span> <span class='ocrx_word' id='word_1_128' title='bbox 1010 1688 1126 1751; x_wconf 90' lang='lat' dir='ltr'>per</span> <span class='ocrx_word' id='word_1_129' title='bbox 1171 1687 1469 1729; x_wconf 89' lang='lat' dir='ltr'>somnum</span> <span class='ocrx_word' id='word_1_130' title='bbox 1517 1666 1657 1728; x_wconf 90' lang='lat' dir='ltr'>viro</span> <span class='ocrx_word' id='word_1_131' title='bbox 1705 1664 1957 1728; x_wconf 91' lang='lat' dir='ltr'>cuidam</span> <span class='ocrx_word' id='word_1_132' title='bbox 2015 1663 2254 1728; x_wconf 80' lang='lat' dir='ltr'>indicat</span> <span class='ocrx_word' id='word_1_133' title='bbox 2309 1664 2551 1749; x_wconf 92' lang='lat' dir='ltr'>locum,</span> <span class='ocrx_word' id='word_1_134' title='bbox 2609 1686 2735 1747; x_wconf 91' lang='lat' dir='ltr'>quo</span> <span class='ocrx_word' id='word_1_135' title='bbox 2791 1664 2965 1728; x_wconf 90' lang='lat' dir='ltr'>filius</span> <span class='ocrx_word' id='word_1_136' title='bbox 3022 1665 3161 1728; x_wconf 91' lang='lat' dir='ltr'>eius</span> 
     </span>
     <span class='ocr_line' id='line_1_15' title="bbox 546 1762 1844 1847; baseline -0.001 -19"><span class='ocrx_word' id='word_1_137' title='bbox 546 1764 716 1828; x_wconf 87' lang='lat' dir='ltr'>saxis</span> <span class='ocrx_word' id='word_1_138' title='bbox 763 1763 1051 1829; x_wconf 90' lang='lat' dir='ltr'>reclusus</span> <span class='ocrx_word' id='word_1_139' title='bbox 1099 1768 1408 1828; x_wconf 89' lang='lat' dir='ltr'>versetur.</span> <span class='ocrx_word' id='word_1_140' title='bbox 1455 1787 1512 1828; x_wconf 89' lang='lat' dir='ltr'>v.</span> <span class='ocrx_word' id='word_1_141' title='bbox 1550 1786 1611 1847; x_wconf 89' lang='lat' dir='ltr'>p.</span> <span class='ocrx_word' id='word_1_142' title='bbox 1651 1762 1755 1846; x_wconf 85' lang='lat'>37,</span> <span class='ocrx_word' id='word_1_143' title='bbox 1787 1764 1844 1828; x_wconf 89' lang='lat'>1.</span> 
     </span>
    </p>

    <p class='ocr_par' dir='ltr' id='par_1_5' title="bbox 537 1868 3165 2641">
     <span class='ocr_line' id='line_1_16' title="bbox 721 1868 3165 1957; baseline -0.001 -23"><span class='ocrx_word' id='word_1_144' title='bbox 721 1869 1029 1936; x_wconf 75' lang='lat' dir='ltr'>Irascitur</span> <span class='ocrx_word' id='word_1_145' title='bbox 1066 1870 1322 1957; x_wconf 82' lang='lat' dir='ltr'>Thecla,</span> <span class='ocrx_word' id='word_1_146' title='bbox 1369 1893 1513 1934; x_wconf 93' lang='lat' dir='ltr'>cum</span> <span class='ocrx_word' id='word_1_147' title='bbox 1552 1870 1628 1934; x_wconf 93' lang='lat' dir='ltr'>de</span> <span class='ocrx_word' id='word_1_148' title='bbox 1666 1869 1959 1954; x_wconf 89' lang='lat' dir='ltr'>potentia</span> <span class='ocrx_word' id='word_1_149' title='bbox 2003 1869 2141 1933; x_wconf 90' lang='lat' dir='ltr'>eius</span> <span class='ocrx_word' id='word_1_150' title='bbox 2190 1869 2547 1934; x_wconf 87' lang='lat' dir='ltr'>dubitatur:</span> <span class='ocrx_word' id='word_1_151' title='bbox 2594 1868 3165 1954; x_wconf 87' lang='lat' dir='ltr'>appropinquanti-</span> 
     </span>
     <span class='ocr_line' id='line_1_17' title="bbox 545 1966 3164 2053; baseline -0.001 -21"><span class='ocrx_word' id='word_1_152' title='bbox 545 1969 666 2033; x_wconf 90' lang='lat' dir='ltr'>bus</span> <span class='ocrx_word' id='word_1_153' title='bbox 712 1969 989 2033; x_wconf 91' lang='lat' dir='ltr'>inimicis</span> <span class='ocrx_word' id='word_1_154' title='bbox 1035 1968 1383 2053; x_wconf 80' lang='lat' dir='ltr'>Dexianus,</span> <span class='ocrx_word' id='word_1_155' title='bbox 1433 1970 1543 2050; x_wconf 90' lang='lat' dir='ltr'>qui</span> <span class='ocrx_word' id='word_1_156' title='bbox 1589 1966 1817 2052; x_wconf 93' lang='lat' dir='ltr'>templi</span> <span class='ocrx_word' id='word_1_157' title='bbox 1854 1966 2230 2031; x_wconf 70' lang='lat' dir='ltr'>custodibus</span> <span class='ocrx_word' id='word_1_158' title='bbox 2269 1971 2579 2051; x_wconf 80' lang='lat' dir='ltr'>praeerat,</span> <span class='ocrx_word' id='word_1_159' title='bbox 2624 1967 2962 2031; x_wconf 87' lang='lat' dir='ltr'>thesauros</span> <span class='ocrx_word' id='word_1_160' title='bbox 2996 1989 3164 2030; x_wconf 87' lang='lat' dir='ltr'>mar-</span> 
     </span>
     <span class='ocr_line' id='line_1_18' title="bbox 541 2065 3163 2151; baseline -0 -21"><span class='ocrx_word' id='word_1_161' title='bbox 541 2067 708 2150; x_wconf 85' lang='lat' dir='ltr'>tyris</span> <span class='ocrx_word' id='word_1_162' title='bbox 758 2067 827 2129; x_wconf 89' lang='lat' dir='ltr'>in</span> <span class='ocrx_word' id='word_1_163' title='bbox 872 2070 1089 2131; x_wconf 91' lang='lat' dir='ltr'>tutum</span> <span class='ocrx_word' id='word_1_164' title='bbox 1136 2066 1407 2131; x_wconf 89' lang='lat' dir='ltr'>abstulit</span> <span class='ocrx_word' id='word_1_165' title='bbox 1451 2066 1692 2130; x_wconf 90' lang='lat' dir='ltr'>locum:</span> <span class='ocrx_word' id='word_1_166' title='bbox 1738 2066 2021 2141; x_wconf 89' lang='grc' dir='ltr'><strong><em>νυκτὸς</em></strong></span> <span class='ocrx_word' id='word_1_167' title='bbox 2060 2116 2073 2128; x_wconf 89' lang='grc'><strong>.</strong></span> <span class='ocrx_word' id='word_1_168' title='bbox 2113 2117 2125 2128; x_wconf 97' lang='grc'><strong>.</strong></span> <span class='ocrx_word' id='word_1_169' title='bbox 2166 2065 2695 2149; x_wconf 81' lang='grc' dir='ltr'><strong><em>ἐπιλαβούσης</em></strong></span> <span class='ocrx_word' id='word_1_170' title='bbox 2739 2066 3047 2151; x_wconf 80' lang='grc' dir='ltr'><strong><em>θορύβου</em></strong></span> <span class='ocrx_word' id='word_1_171' title='bbox 3091 2089 3163 2129; x_wconf 88' lang='grc' dir='ltr'><strong><em>τε</em></strong></span> 
     </span>
     <span class='ocr_line' id='line_1_19' title="bbox 539 2160 3163 2250; baseline -0.001 -21"><span class='ocrx_word' id='word_1_172' title='bbox 539 2166 795 2250; x_wconf 83' lang='grc' dir='ltr'><strong><em>πλήρης</em></strong></span> <span class='ocrx_word' id='word_1_173' title='bbox 840 2160 928 2248; x_wconf 81' lang='grc' dir='ltr'>ἦν</span> <span class='ocrx_word' id='word_1_174' title='bbox 982 2163 1018 2229; x_wconf 87' lang='grc' dir='ltr'>ὁ</span> <span class='ocrx_word' id='word_1_175' title='bbox 1076 2166 1242 2241; x_wconf 84' lang='grc' dir='ltr'><strong><em>νεὼς</em></strong></span> <span class='ocrx_word' id='word_1_176' title='bbox 1295 2161 1404 2228; x_wconf 86' lang='grc' dir='ltr'><strong><em>καὶ</em></strong></span> <span class='ocrx_word' id='word_1_177' title='bbox 1460 2172 1744 2249; x_wconf 82' lang='grc' dir='ltr'><strong><em>ταραχῆς</em></strong></span> <span class='ocrx_word' id='word_1_178' title='bbox 1796 2161 1907 2228; x_wconf 86' lang='grc' dir='ltr'><strong><em>καὶ</em></strong></span> <span class='ocrx_word' id='word_1_179' title='bbox 1963 2167 2123 2247; x_wconf 92' lang='grc' dir='ltr'><strong><em>βοῆς</em></strong></span> <span class='ocrx_word' id='word_1_180' title='bbox 2177 2172 2292 2247; x_wconf 90' lang='grc' dir='ltr'>τῆς</span> <span class='ocrx_word' id='word_1_181' title='bbox 2346 2165 2680 2250; x_wconf 92' lang='grc' dir='ltr'><strong><em>μάρτυρος</em></strong></span> <span class='ocrx_word' id='word_1_182' title='bbox 2734 2166 2871 2229; x_wconf 75' lang='grc' dir='ltr'>ἅνω</span> <span class='ocrx_word' id='word_1_183' title='bbox 2927 2186 2996 2227; x_wconf 87' lang='grc' dir='ltr'><strong><em>τε</em></strong></span> <span class='ocrx_word' id='word_1_184' title='bbox 3051 2161 3163 2227; x_wconf 86' lang='grc' dir='ltr'><strong><em>καὶ</em></strong></span> 
     </span>
     <span class='ocr_line' id='line_1_20' title="bbox 537 2260 3165 2347; baseline 0 -21"><span class='ocrx_word' id='word_1_185' title='bbox 537 2263 712 2326; x_wconf 87' lang='grc' dir='ltr'><strong><em>κάτω</em></strong></span> <span class='ocrx_word' id='word_1_186' title='bbox 774 2263 1181 2345; x_wconf 90' lang='grc' dir='ltr'><strong><em>διαθεούσης</em></strong></span> <span class='ocrx_word' id='word_1_187' title='bbox 1234 2260 1344 2326; x_wconf 84' lang='grc' dir='ltr'><strong><em>καὶ</em></strong></span> <span class='ocrx_word' id='word_1_188' title='bbox 1399 2268 1969 2346; x_wconf 80' lang='grc' dir='ltr'><strong><em>καταφρονεῖσθαι</em></strong></span> <span class='ocrx_word' id='word_1_189' title='bbox 2033 2262 2211 2347; x_wconf 80' lang='grc' dir='ltr'><strong><em>παρὰ</em></strong></span> <span class='ocrx_word' id='word_1_190' title='bbox 2278 2270 2397 2326; x_wconf 89' lang='grc' dir='ltr'>τοῦ</span> <span class='ocrx_word' id='word_1_191' title='bbox 2452 2261 2786 2340; x_wconf 81' lang='grc' dir='ltr'><strong><em>Δεξιανοῦ</em></strong></span> <span class='ocrx_word' id='word_1_192' title='bbox 2841 2262 3165 2345; x_wconf 81' lang='grc' dir='ltr'><strong><em>λεγούσης</em></strong></span> 
     </span>
     <span class='ocr_line' id='line_1_21' title="bbox 541 2354 3163 2444; baseline -0 -21"><span class='ocrx_word' id='word_1_193' title='bbox 541 2360 631 2435; x_wconf 80' lang='grc' dir='ltr'>ὡς</span> <span class='ocrx_word' id='word_1_194' title='bbox 678 2358 1024 2436; x_wconf 79' lang='grc' dir='ltr'><strong><em>ἀσθενοῦς</em></strong></span> <span class='ocrx_word' id='word_1_195' title='bbox 1073 2411 1085 2422; x_wconf 98' lang='grc'><strong>.</strong></span> <span class='ocrx_word' id='word_1_196' title='bbox 1133 2410 1147 2423; x_wconf 92' lang='grc'><strong>.</strong></span> <span class='ocrx_word' id='word_1_197' title='bbox 1197 2412 1209 2424; x_wconf 92' lang='grc'><strong>.</strong></span> <span class='ocrx_word' id='word_1_198' title='bbox 1257 2369 1464 2424; x_wconf 89' lang='grc' dir='ltr'><strong><em>ταῦτα</em></strong></span> <span class='ocrx_word' id='word_1_199' title='bbox 1509 2370 1643 2423; x_wconf 79' lang='grc' dir='ltr'>τῶν</span> <span class='ocrx_word' id='word_1_200' title='bbox 1689 2360 1891 2424; x_wconf 81' lang='grc' dir='ltr'><strong><em>ἔνδον</em></strong></span> <span class='ocrx_word' id='word_1_201' title='bbox 1944 2354 2120 2435; x_wconf 75' lang='grc' dir='ltr'><strong><em>τινὲς</em></strong></span> <span class='ocrx_word' id='word_1_202' title='bbox 2174 2362 2320 2424; x_wconf 89' lang='grc' dir='ltr'><strong><em>τότε</em></strong></span> <span class='ocrx_word' id='word_1_203' title='bbox 2374 2360 2943 2424; x_wconf 81' lang='grc' dir='ltr'><strong><em>καθευδουσῶν</em></strong></span> <span class='ocrx_word' id='word_1_204' title='bbox 2996 2381 3163 2444; x_wconf 79' lang='grc' dir='ltr'><strong><em>παρ-</em></strong></span> 
     </span>
     <span class='ocr_line' id='line_1_22' title="bbox 538 2453 3161 2544; baseline 0 -22"><span class='ocrx_word' id='word_1_205' title='bbox 538 2456 765 2523; x_wconf 79' lang='grc' dir='ltr'><strong><em>θένων</em></strong></span> <span class='ocrx_word' id='word_1_206' title='bbox 808 2457 919 2522; x_wconf 86' lang='grc' dir='ltr'><strong><em>καὶ</em></strong></span> <span class='ocrx_word' id='word_1_207' title='bbox 971 2465 1313 2543; x_wconf 87' lang='grc' dir='ltr'><strong><em>μαθοῦσαι</em></strong></span> <span class='ocrx_word' id='word_1_208' title='bbox 1359 2455 1468 2523; x_wconf 83' lang='grc' dir='ltr'><strong><em>καὶ</em></strong></span> <span class='ocrx_word' id='word_1_209' title='bbox 1512 2453 1664 2544; x_wconf 83' lang='grc' dir='ltr'><strong><em>παρ’</em></strong></span> <span class='ocrx_word' id='word_1_210' title='bbox 1712 2456 1915 2540; x_wconf 86' lang='grc' dir='ltr'><strong><em>αὐτῆς</em></strong></span> <span class='ocrx_word' id='word_1_211' title='bbox 1951 2465 2065 2539; x_wconf 90' lang='grc' dir='ltr'>τῆς</span> <span class='ocrx_word' id='word_1_212' title='bbox 2101 2458 2434 2542; x_wconf 90' lang='grc' dir='ltr'><strong><em>μάρτυρος</em></strong></span> <span class='ocrx_word' id='word_1_213' title='bbox 2472 2457 2836 2522; x_wconf 80' lang='grc' dir='ltr'><strong><em>ἀκούσασαι</em></strong></span> <span class='ocrx_word' id='word_1_214' title='bbox 2873 2457 3050 2543; x_wconf 78' lang='grc' dir='ltr'><strong><em>ὕπαρ</em></strong></span> <span class='ocrx_word' id='word_1_215' title='bbox 3073 2509 3085 2522; x_wconf 95' lang='grc'><strong>.</strong></span> <span class='ocrx_word' id='word_1_216' title='bbox 3108 2507 3122 2521; x_wconf 92' lang='grc'><strong>.</strong></span> <span class='ocrx_word' id='word_1_217' title='bbox 3147 2509 3161 2522; x_wconf 94' lang='grc'><strong>.</strong></span> 
     </span>
     <span class='ocr_line' id='line_1_23' title="bbox 544 2554 2777 2644; baseline 0 -25"><span class='ocrx_word' id='word_1_218' title='bbox 544 2554 958 2621; x_wconf 79' lang='grc' dir='ltr'><strong><em>ἀπελθοῦσαι</em></strong></span> <span class='ocrx_word' id='word_1_219' title='bbox 1014 2557 1230 2620; x_wconf 91' lang='grc' dir='ltr'><strong><em>πάντα</em></strong></span> <span class='ocrx_word' id='word_1_220' title='bbox 1274 2564 1364 2643; x_wconf 79' lang='grc' dir='ltr'>τῷ</span> <span class='ocrx_word' id='word_1_221' title='bbox 1411 2555 1718 2644; x_wconf 78' lang='grc' dir='ltr'><strong><em>Δεξιανςό</em></strong></span> <span class='ocrx_word' id='word_1_222' title='bbox 1764 2554 2172 2640; x_wconf 81' lang='grc' dir='ltr'><strong><em>ἀπήγγειλαν</em></strong></span> <span class='ocrx_word' id='word_1_223' title='bbox 2216 2559 2349 2620; x_wconf 86' lang='grc' dir='ltr'><strong><em>κτλ.</em></strong></span> <span class='ocrx_word' id='word_1_224' title='bbox 2402 2555 2503 2641; x_wconf 82' lang='lat'>17,</span> <span class='ocrx_word' id='word_1_225' title='bbox 2537 2555 2664 2620; x_wconf 88' lang='grc'>180</span> <span class='ocrx_word' id='word_1_226' title='bbox 2683 2578 2777 2640; x_wconf 90' lang='lat' dir='ltr'>sq.</span> 
     </span>
    </p>

    <p class='ocr_par' dir='ltr' id='par_1_6' title="bbox 534 2660 3167 3139">
     <span class='ocr_line' id='line_1_24' title="bbox 715 2660 3167 2751; baseline 0.001 -25"><span class='ocrx_word' id='word_1_227' title='bbox 715 2661 997 2747; x_wconf 91' lang='lat' dir='ltr'>Impedit</span> <span class='ocrx_word' id='word_1_228' title='bbox 1043 2667 1293 2747; x_wconf 87' lang='lat' dir='ltr'>martyr</span> <span class='ocrx_word' id='word_1_229' title='bbox 1336 2686 1418 2727; x_wconf 92' lang='lat' dir='ltr'>ne</span> <span class='ocrx_word' id='word_1_230' title='bbox 1466 2664 1609 2746; x_wconf 89' lang='lat' dir='ltr'>quis</span> <span class='ocrx_word' id='word_1_231' title='bbox 1658 2664 1724 2726; x_wconf 94' lang='lat' dir='ltr'>in</span> <span class='ocrx_word' id='word_1_232' title='bbox 1773 2685 1952 2727; x_wconf 91' lang='lat' dir='ltr'>sacro</span> <span class='ocrx_word' id='word_1_233' title='bbox 2001 2685 2117 2727; x_wconf 87' lang='lat' dir='ltr'>suo</span> <span class='ocrx_word' id='word_1_234' title='bbox 2167 2662 2539 2747; x_wconf 82' lang='lat' dir='ltr'>sepeliatur.</span> <span class='ocrx_word' id='word_1_235' title='bbox 2593 2666 2754 2748; x_wconf 81' lang='grc' dir='ltr'><strong><em>μήτε</em></strong></span> <span class='ocrx_word' id='word_1_236' title='bbox 2811 2665 2940 2751; x_wconf 81' lang='grc' dir='ltr'>γὰρ</span> <span class='ocrx_word' id='word_1_237' title='bbox 2987 2660 3167 2729; x_wconf 80' lang='grc' dir='ltr'><strong><em>εἶναι’</em></strong></span> 
     </span>
     <span class='ocr_line' id='line_1_25' title="bbox 539 2759 3161 2849; baseline 0.001 -24"><span class='ocrx_word' id='word_1_238' title='bbox 539 2785 602 2825; x_wconf 92' lang='grc' dir='ltr'>τι</span> <span class='ocrx_word' id='word_1_239' title='bbox 648 2762 882 2826; x_wconf 91' lang='grc' dir='ltr'><strong><em>κοινὸν</em></strong></span> <span class='ocrx_word' id='word_1_240' title='bbox 917 2763 1154 2844; x_wconf 85' lang='grc' dir='ltr'><strong><em>τάφοις</em></strong></span> <span class='ocrx_word' id='word_1_241' title='bbox 1189 2759 1299 2824; x_wconf 86' lang='grc' dir='ltr'><strong><em>καὶ</em></strong></span> <span class='ocrx_word' id='word_1_242' title='bbox 1340 2760 1711 2847; x_wconf 84' lang='grc' dir='ltr'><strong><em>εὐκτηρίοις</em></strong></span> <span class='ocrx_word' id='word_1_243' title='bbox 1748 2767 1976 2844; x_wconf 76' lang='grc' dir='ltr'><strong><em>οἴκοις,</em></strong></span> <span class='ocrx_word' id='word_1_244' title='bbox 2022 2762 2196 2844; x_wconf 85' lang='grc' dir='ltr'><strong><em>πλὴν</em></strong></span> <span class='ocrx_word' id='word_1_245' title='bbox 2243 2762 2301 2826; x_wconf 86' lang='grc' dir='ltr'><strong><em>εῑ</em></strong></span> <span class='ocrx_word' id='word_1_246' title='bbox 2336 2765 2426 2846; x_wconf 87' lang='grc' dir='ltr'>μή</span> <span class='ocrx_word' id='word_1_247' title='bbox 2476 2785 2576 2837; x_wconf 91' lang='grc' dir='ltr'>τις</span> <span class='ocrx_word' id='word_1_248' title='bbox 2613 2763 2740 2846; x_wconf 91' lang='grc' dir='ltr'>άρα</span> <span class='ocrx_word' id='word_1_249' title='bbox 2777 2760 2887 2827; x_wconf 87' lang='grc' dir='ltr'><strong><em>καὶ</em></strong></span> <span class='ocrx_word' id='word_1_250' title='bbox 2924 2764 3161 2849; x_wconf 86' lang='grc' dir='ltr'><strong><em>νεκρὸς</em></strong></span> 
     </span>
     <span class='ocr_line' id='line_1_26' title="bbox 539 2856 3160 2946; baseline 0 -22"><span class='ocrx_word' id='word_1_251' title='bbox 539 2860 830 2941; x_wconf 77' lang='grc' dir='ltr'><strong><em>γεγονὼς</em></strong></span> <span class='ocrx_word' id='word_1_252' title='bbox 877 2860 967 2943; x_wconf 81' lang='grc' dir='ltr'>μὴ</span> <span class='ocrx_word' id='word_1_253' title='bbox 1015 2865 1115 2943; x_wconf 81' lang='grc' dir='ltr'><strong><em>εἰή</em></strong></span> <span class='ocrx_word' id='word_1_254' title='bbox 1163 2859 1418 2945; x_wconf 85' lang='grc' dir='ltr'><strong><em>νεκρὸς,</em></strong></span> <span class='ocrx_word' id='word_1_255' title='bbox 1465 2858 1633 2924; x_wconf 81' lang='grc' dir='ltr'><strong><em>ἄλλα</em></strong></span> <span class='ocrx_word' id='word_1_256' title='bbox 1681 2862 1751 2945; x_wconf 81' lang='grc' dir='ltr'>ζῆ</span> <span class='ocrx_word' id='word_1_257' title='bbox 1797 2882 1868 2923; x_wconf 88' lang='grc' dir='ltr'><strong><em>τε</em></strong></span> <span class='ocrx_word' id='word_1_258' title='bbox 1914 2883 2003 2945; x_wconf 92' lang='grc' dir='ltr'>τω</span> <span class='ocrx_word' id='word_1_259' title='bbox 2048 2864 2190 2924; x_wconf 81' lang='grc' dir='ltr'><strong><em>Θεω</em></strong></span> <span class='ocrx_word' id='word_1_260' title='bbox 2229 2856 2339 2924; x_wconf 88' lang='grc' dir='ltr'><strong><em>καὶ</em></strong></span> <span class='ocrx_word' id='word_1_261' title='bbox 2388 2859 2569 2938; x_wconf 78' lang='grc' dir='ltr'><strong><em>ἄξιος</em></strong></span> <span class='ocrx_word' id='word_1_262' title='bbox 2610 2863 2648 2944; x_wconf 84' lang='grc' dir='ltr'><em>ἡ</em></span> <span class='ocrx_word' id='word_1_263' title='bbox 2691 2869 2812 2925; x_wconf 90' lang='grc' dir='ltr'>τοῦ</span> <span class='ocrx_word' id='word_1_264' title='bbox 2848 2858 2958 2926; x_wconf 84' lang='grc' dir='ltr'><strong><em>καὶ</em></strong></span> <span class='ocrx_word' id='word_1_265' title='bbox 2995 2862 3160 2946; x_wconf 84' lang='grc' dir='ltr'><strong><em>μάρ-</em></strong></span> 
     </span>
     <span class='ocr_line' id='line_1_27' title="bbox 536 2954 3159 3041; baseline 0.001 -21"><span class='ocrx_word' id='word_1_266' title='bbox 536 2974 733 3022; x_wconf 89' lang='grc' dir='ltr'><strong><em>τυσιν</em></strong></span> <span class='ocrx_word' id='word_1_267' title='bbox 790 2968 1135 3022; x_wconf 80' lang='grc' dir='ltr'><strong><em>συνοικεῖν</em></strong></span> <span class='ocrx_word' id='word_1_268' title='bbox 1193 2954 1303 3020; x_wconf 88' lang='grc' dir='ltr'><strong><em>καὶ</em></strong></span> <span class='ocrx_word' id='word_1_269' title='bbox 1359 2957 1745 3041; x_wconf 81' lang='grc' dir='ltr'><strong><em>ὁμοστεγεῖν</em></strong></span> <span class='ocrx_word' id='word_1_270' title='bbox 1795 2955 1896 3040; x_wconf 93' lang='grc'><strong>15,</strong></span> <span class='ocrx_word' id='word_1_271' title='bbox 1929 2957 2006 3021; x_wconf 82' lang='lat'>17</span> <span class='ocrx_word' id='word_1_272' title='bbox 2015 2957 2072 3020; x_wconf 84' lang='lat'>8</span> <span class='ocrx_word' id='word_1_273' title='bbox 2164 2956 2477 3041; x_wconf 87' lang='lat' dir='ltr'>Epidauri</span> <span class='ocrx_word' id='word_1_274' title='bbox 2531 2979 2649 3021; x_wconf 90' lang='lat' dir='ltr'>nec</span> <span class='ocrx_word' id='word_1_275' title='bbox 2702 2957 2869 3022; x_wconf 90' lang='lat' dir='ltr'>mori</span> <span class='ocrx_word' id='word_1_276' title='bbox 2921 2958 3159 3023; x_wconf 86' lang='lat' dir='ltr'>licebat</span> 
     </span>
     <span class='ocr_line' id='line_1_28' title="bbox 534 3055 1713 3139; baseline 0.002 -23"><span class='ocrx_word' id='word_1_277' title='bbox 534 3076 653 3118; x_wconf 90' lang='lat' dir='ltr'>nec</span> <span class='ocrx_word' id='word_1_278' title='bbox 697 3055 921 3137; x_wconf 88' lang='lat' dir='ltr'>parere</span> <span class='ocrx_word' id='word_1_279' title='bbox 967 3055 1139 3117; x_wconf 88' lang='lat' dir='ltr'>intra</span> <span class='ocrx_word' id='word_1_280' title='bbox 1186 3075 1437 3118; x_wconf 87' lang='lat' dir='ltr'>sacrum</span> <span class='ocrx_word' id='word_1_281' title='bbox 1484 3055 1713 3139; x_wconf 90' lang='lat' dir='ltr'>ipsum.</span> 
     </span>
    </p>
   </div>
   <div class='ocr_carea' id='block_1_3' title="bbox 531 3158 3159 4130">
    <p class='ocr_par' dir='ltr' id='par_1_7' title="bbox 531 3158 3159 4130">
     <span class='ocr_line' id='line_1_29' title="bbox 718 3158 3156 3247; baseline 0.002 -23"><span class='ocrx_word' id='word_1_282' title='bbox 718 3158 786 3224; x_wconf 89' lang='lat' dir='ltr'>N</span> <span class='ocrx_word' id='word_1_283' title='bbox 789 3181 873 3223; x_wconf 92' lang='lat' dir='ltr'>on</span> <span class='ocrx_word' id='word_1_284' title='bbox 949 3163 1203 3222; x_wconf 91' lang='lat' dir='ltr'>tantum</span> <span class='ocrx_word' id='word_1_285' title='bbox 1274 3160 1481 3225; x_wconf 88' lang='lat' dir='ltr'>inesse</span> <span class='ocrx_word' id='word_1_286' title='bbox 1547 3160 1725 3225; x_wconf 89' lang='lat' dir='ltr'>vides</span> <span class='ocrx_word' id='word_1_287' title='bbox 1790 3160 2064 3225; x_wconf 83' lang='lat' dir='ltr'>Theclae</span> <span class='ocrx_word' id='word_1_288' title='bbox 2131 3161 2483 3247; x_wconf 89' lang='lat' dir='ltr'>miraculis,</span> <span class='ocrx_word' id='word_1_289' title='bbox 2549 3167 2860 3245; x_wconf 90' lang='lat' dir='ltr'>quantum</span> <span class='ocrx_word' id='word_1_290' title='bbox 2936 3186 3156 3228; x_wconf 93' lang='lat' dir='ltr'>eorum</span> 
     </span>
     <span class='ocr_line' id='line_1_30' title="bbox 537 3259 3159 3346; baseline 0.001 -24"><span class='ocrx_word' id='word_1_291' title='bbox 537 3279 698 3340; x_wconf 90' lang='lat' dir='ltr'>quos</span> <span class='ocrx_word' id='word_1_292' title='bbox 739 3280 935 3342; x_wconf 88' lang='lat' dir='ltr'>supra</span> <span class='ocrx_word' id='word_1_293' title='bbox 971 3259 1387 3323; x_wconf 83' lang='lat' dir='ltr'>tractavimus</span> <span class='ocrx_word' id='word_1_294' title='bbox 1433 3261 1819 3343; x_wconf 84' lang='lat' dir='ltr'>martyrum3</span> <span class='ocrx_word' id='word_1_295' title='bbox 1865 3262 2079 3323; x_wconf 91' lang='lat' dir='ltr'>tamen</span> <span class='ocrx_word' id='word_1_296' title='bbox 2127 3260 2386 3344; x_wconf 87' lang='lat' dir='ltr'>sufficit,</span> <span class='ocrx_word' id='word_1_297' title='bbox 2432 3265 2506 3323; x_wconf 89' lang='lat' dir='ltr'>ut</span> <span class='ocrx_word' id='word_1_298' title='bbox 2553 3264 2939 3346; x_wconf 86' lang='lat' dir='ltr'>agnoscatur</span> <span class='ocrx_word' id='word_1_299' title='bbox 2985 3263 3159 3326; x_wconf 89' lang='lat' dir='ltr'>simi-</span> 
     </span>
     <span class='ocr_line' id='line_1_31' title="bbox 535 3353 3155 3442; baseline 0.002 -24"><span class='ocrx_word' id='word_1_300' title='bbox 535 3355 762 3419; x_wconf 79' lang='lat' dir='ltr'>litudo,</span> <span class='ocrx_word' id='word_1_301' title='bbox 861 3353 1133 3419; x_wconf 86' lang='lat' dir='ltr'>Accedit</span> <span class='ocrx_word' id='word_1_302' title='bbox 1180 3355 1371 3439; x_wconf 91' lang='lat' dir='ltr'>idque</span> <span class='ocrx_word' id='word_1_303' title='bbox 1419 3356 1677 3441; x_wconf 83' lang='lat' dir='ltr'>gravius</span> <span class='ocrx_word' id='word_1_304' title='bbox 1735 3357 1908 3440; x_wconf 90' lang='lat' dir='ltr'>quod</span> <span class='ocrx_word' id='word_1_305' title='bbox 1951 3356 2191 3421; x_wconf 88' lang='lat' dir='ltr'>Thecla</span> <span class='ocrx_word' id='word_1_306' title='bbox 2246 3379 2499 3442; x_wconf 91' lang='lat' dir='ltr'>quoque</span> <span class='ocrx_word' id='word_1_307' title='bbox 2554 3357 2777 3423; x_wconf 83' lang='lat' dir='ltr'>Graeci</span> <span class='ocrx_word' id='word_1_308' title='bbox 2826 3359 3155 3425; x_wconf 89' lang='lat' dir='ltr'>daemonis</span> 
     </span>
     <span class='ocr_line' id='line_1_32' title="bbox 536 3453 3155 3540; baseline 0.002 -22"><span class='ocrx_word' id='word_1_309' title='bbox 536 3454 876 3538; x_wconf 89' lang='lat' dir='ltr'>occupavit</span> <span class='ocrx_word' id='word_1_310' title='bbox 921 3453 1157 3538; x_wconf 91' lang='lat' dir='ltr'>locum,</span> <span class='ocrx_word' id='word_1_311' title='bbox 1206 3455 1316 3537; x_wconf 91' lang='lat' dir='ltr'>qui</span> <span class='ocrx_word' id='word_1_312' title='bbox 1364 3453 1520 3519; x_wconf 92' lang='lat' dir='ltr'>olim</span> <span class='ocrx_word' id='word_1_313' title='bbox 1569 3453 1895 3519; x_wconf 84' lang='lat' dir='ltr'>Seleuciae</span> <span class='ocrx_word' id='word_1_314' title='bbox 1940 3455 2438 3540; x_wconf 83' lang='lat' dir='ltr'>vaticinabatur,</span> <span class='ocrx_word' id='word_1_315' title='bbox 2483 3456 2783 3522; x_wconf 90' lang='lat' dir='ltr'>videlicet</span> <span class='ocrx_word' id='word_1_316' title='bbox 2827 3480 2943 3540; x_wconf 89' lang='lat' dir='ltr'>per</span> <span class='ocrx_word' id='word_1_317' title='bbox 2989 3480 3155 3522; x_wconf 90' lang='lat' dir='ltr'>som-</span> 
     </span>
     <span class='ocr_line' id='line_1_33' title="bbox 531 3551 3153 3638; baseline 0.002 -22"><span class='ocrx_word' id='word_1_318' title='bbox 531 3574 706 3616; x_wconf 90' lang='lat' dir='ltr'>num.</span> <span class='ocrx_word' id='word_1_319' title='bbox 805 3551 886 3616; x_wconf 89' lang='lat' dir='ltr'>In</span> <span class='ocrx_word' id='word_1_320' title='bbox 933 3552 1161 3616; x_wconf 91' lang='lat' dir='ltr'>Basilii</span> <span class='ocrx_word' id='word_1_321' title='bbox 1206 3551 1376 3616; x_wconf 91' lang='lat' dir='ltr'>libro</span> <span class='ocrx_word' id='word_1_322' title='bbox 1425 3552 1491 3615; x_wconf 93' lang='lat' dir='ltr'>id</span> <span class='ocrx_word' id='word_1_323' title='bbox 1537 3553 1778 3638; x_wconf 92' lang='lat' dir='ltr'>ipsum,</span> <span class='ocrx_word' id='word_1_324' title='bbox 1836 3553 2157 3637; x_wconf 90' lang='lat' dir='ltr'>quomodo</span> <span class='ocrx_word' id='word_1_325' title='bbox 2215 3559 2435 3619; x_wconf 89' lang='lat' dir='ltr'>sancta</span> <span class='ocrx_word' id='word_1_326' title='bbox 2488 3554 2840 3620; x_wconf 87' lang='lat' dir='ltr'>christiana</span> <span class='ocrx_word' id='word_1_327' title='bbox 2893 3556 3153 3620; x_wconf 88' lang='lat' dir='ltr'>heroem</span> 
     </span>
     <span class='ocr_line' id='line_1_34' title="bbox 536 3648 3154 3737; baseline 0.001 -23"><span class='ocrx_word' id='word_1_328' title='bbox 536 3650 848 3715; x_wconf 81' lang='lat' dir='ltr'>Graecum</span> <span class='ocrx_word' id='word_1_329' title='bbox 890 3648 1372 3734; x_wconf 73' lang='lat' dir='ltr'>‘Sarpedonem&#39;</span> <span class='ocrx_word' id='word_1_330' title='bbox 1413 3650 1747 3737; x_wconf 89' lang='lat' dir='ltr'>depulerit,</span> <span class='ocrx_word' id='word_1_331' title='bbox 1796 3651 2206 3737; x_wconf 82' lang='lat' dir='ltr'>describitur3</span> <span class='ocrx_word' id='word_1_332' title='bbox 2250 3674 2382 3716; x_wconf 92' lang='lat' dir='ltr'>non</span> <span class='ocrx_word' id='word_1_333' title='bbox 2427 3653 2705 3716; x_wconf 86' lang='lat' dir='ltr'>multum</span> <span class='ocrx_word' id='word_1_334' title='bbox 2750 3654 2909 3717; x_wconf 92' lang='lat' dir='ltr'>haec</span> <span class='ocrx_word' id='word_1_335' title='bbox 2953 3654 3033 3717; x_wconf 88' lang='lat' dir='ltr'>ab</span> <span class='ocrx_word' id='word_1_336' title='bbox 3073 3656 3154 3718; x_wconf 91' lang='lat' dir='ltr'>iis</span> 
     </span>
     <span class='ocr_line' id='line_1_35' title="bbox 534 3747 3155 3835; baseline 0.002 -25"><span class='ocrx_word' id='word_1_337' title='bbox 534 3748 840 3812; x_wconf 87' lang='lat' dir='ltr'>differunt</span> <span class='ocrx_word' id='word_1_338' title='bbox 906 3769 1068 3831; x_wconf 92' lang='lat' dir='ltr'>quae</span> <span class='ocrx_word' id='word_1_339' title='bbox 1124 3749 1193 3810; x_wconf 94' lang='lat' dir='ltr'>in</span> <span class='ocrx_word' id='word_1_340' title='bbox 1249 3747 1600 3832; x_wconf 83' lang='lat' dir='ltr'>Sophronii</span> <span class='ocrx_word' id='word_1_341' title='bbox 1655 3748 2059 3833; x_wconf 91' lang='lat' dir='ltr'>aliorumque</span> <span class='ocrx_word' id='word_1_342' title='bbox 2113 3751 2370 3835; x_wconf 90' lang='lat' dir='ltr'>scriptis</span> <span class='ocrx_word' id='word_1_343' title='bbox 2430 3750 2505 3814; x_wconf 93' lang='lat' dir='ltr'>de</span> <span class='ocrx_word' id='word_1_344' title='bbox 2563 3750 2713 3835; x_wconf 84' lang='lat' dir='ltr'>Cyri</span> <span class='ocrx_word' id='word_1_345' title='bbox 2767 3749 3155 3834; x_wconf 80' lang='lat' dir='ltr'>Ioannisque</span> 
     </span>
     <span class='ocr_line' id='line_1_36' title="bbox 532 3843 3155 3932; baseline 0.002 -23"><span class='ocrx_word' id='word_1_346' title='bbox 532 3847 805 3910; x_wconf 88' lang='lat' dir='ltr'>victoria</span> <span class='ocrx_word' id='word_1_347' title='bbox 842 3846 1223 3910; x_wconf 86' lang='lat' dir='ltr'>referuntur.</span> <span class='ocrx_word' id='word_1_348' title='bbox 1297 3843 1514 3928; x_wconf 91' lang='lat' dir='ltr'>Atque</span> <span class='ocrx_word' id='word_1_349' title='bbox 1551 3846 1820 3911; x_wconf 88' lang='lat' dir='ltr'>interest</span> <span class='ocrx_word' id='word_1_350' title='bbox 1858 3847 2232 3932; x_wconf 89' lang='lat' dir='ltr'>discernere,</span> <span class='ocrx_word' id='word_1_351' title='bbox 2269 3852 2336 3912; x_wconf 94' lang='lat' dir='ltr'>et</span> <span class='ocrx_word' id='word_1_352' title='bbox 2373 3849 2695 3930; x_wconf 91' lang='lat' dir='ltr'>quomodo</span> <span class='ocrx_word' id='word_1_353' title='bbox 2733 3851 2881 3915; x_wconf 89' lang='lat' dir='ltr'>viva</span> <span class='ocrx_word' id='word_1_354' title='bbox 2916 3850 3155 3914; x_wconf 89' lang='lat' dir='ltr'>Thecla</span> 
     </span>
     <span class='ocr_line' id='line_1_37' title="bbox 534 3942 3153 4030; baseline 0.002 -24"><span class='ocrx_word' id='word_1_355' title='bbox 534 3948 756 4007; x_wconf 90' lang='lat' dir='ltr'>contra</span> <span class='ocrx_word' id='word_1_356' title='bbox 811 3944 1183 4008; x_wconf 87' lang='lat' dir='ltr'>daemonem</span> <span class='ocrx_word' id='word_1_357' title='bbox 1241 3942 1424 4007; x_wconf 93' lang='lat' dir='ltr'>illum</span> <span class='ocrx_word' id='word_1_358' title='bbox 1483 3965 1549 4007; x_wconf 91' lang='lat' dir='ltr'>se</span> <span class='ocrx_word' id='word_1_359' title='bbox 1602 3946 1977 4030; x_wconf 84' lang='lat' dir='ltr'>muniverit,</span> <span class='ocrx_word' id='word_1_360' title='bbox 2033 3951 2098 4009; x_wconf 93' lang='lat' dir='ltr'>et</span> <span class='ocrx_word' id='word_1_361' title='bbox 2155 3946 2478 4028; x_wconf 91' lang='lat' dir='ltr'>quomodo</span> <span class='ocrx_word' id='word_1_362' title='bbox 2540 3947 2858 4012; x_wconf 91' lang='lat' dir='ltr'>daemon</span> <span class='ocrx_word' id='word_1_363' title='bbox 2914 3947 3153 4012; x_wconf 88' lang='lat' dir='ltr'>Thecla</span> 
     </span>
     <span class='ocr_line' id='line_1_38' title="bbox 533 4040 3153 4130; baseline 0.002 -26"><span class='ocrx_word' id='word_1_364' title='bbox 533 4040 965 4106; x_wconf 89' lang='lat' dir='ltr'>adversarium</span> <span class='ocrx_word' id='word_1_365' title='bbox 1029 4063 1353 4127; x_wconf 85' lang='lat' dir='ltr'>paganum</span> <span class='ocrx_word' id='word_1_366' title='bbox 1417 4044 1826 4127; x_wconf 86' lang='lat' dir='ltr'>oppresserit.</span> <span class='ocrx_word' id='word_1_367' title='bbox 1918 4041 2214 4108; x_wconf 88' lang='lat' dir='ltr'>Alterum</span> <span class='ocrx_word' id='word_1_368' title='bbox 2280 4044 2525 4129; x_wconf 87' lang='lat' dir='ltr'>legitur</span> <span class='ocrx_word' id='word_1_369' title='bbox 2576 4069 2637 4130; x_wconf 92' lang='lat' dir='ltr'>p.</span> <span class='ocrx_word' id='word_1_370' title='bbox 2682 4046 2806 4110; x_wconf 79' lang='lat'>122</span> <span class='ocrx_word' id='word_1_371' title='bbox 2866 4046 2934 4109; x_wconf 92' lang='lat' dir='ltr'>in</span> <span class='ocrx_word' id='word_1_372' title='bbox 2987 4047 3153 4110; x_wconf 89' lang='lat' dir='ltr'>vita</span> 
     </span>
    </p>
   </div>
   <div class='ocr_carea' id='block_1_4' title="bbox 531 4204 957 4213">
    <p class='ocr_par' dir='ltr' id='par_1_8' title="bbox 531 4204 957 4213">
     <span class='ocr_line' id='line_1_39' title="bbox 531 4204 957 4213; baseline 0 1051"><span class='ocrx_word' id='word_1_373' title='bbox 531 4204 957 4213; x_wconf 95' lang='lat' dir='ltr'> </span> 
     </span>
    </p>
   </div>
   <div class='ocr_carea' id='block_1_5' title="bbox 530 4306 3149 4764">
    <p class='ocr_par' dir='ltr' id='par_1_9' title="bbox 530 4306 3149 4764">
     <span class='ocr_line' id='line_1_40' title="bbox 714 4306 3149 4381; baseline 0.003 -23.1"><span class='ocrx_word' id='word_1_374' title='bbox 714 4306 813 4373; x_wconf 89' lang='lat'>1,)</span> <span class='ocrx_word' id='word_1_375' title='bbox 815 4306 1221 4374; x_wconf 78' lang='lat' dir='ltr'>,Aujourd’hui</span> <span class='ocrx_word' id='word_1_376' title='bbox 1247 4323 1436 4364; x_wconf 75' lang='lat' dir='ltr'>encore</span> <span class='ocrx_word' id='word_1_377' title='bbox 1461 4326 1534 4364; x_wconf 76' lang='grc' dir='ltr'><strong><em>οκ</em></strong></span> <span class='ocrx_word' id='word_1_378' title='bbox 1559 4314 1841 4363; x_wconf 73' lang='lat' dir='ltr'>rencontre</span> <span class='ocrx_word' id='word_1_379' title='bbox 1875 4310 2262 4378; x_wconf 74' lang='lat' dir='ltr'>fre&#39;quemment</span> <span class='ocrx_word' id='word_1_380' title='bbox 2295 4328 2363 4364; x_wconf 75' lang='lat' dir='ltr'>en</span> <span class='ocrx_word' id='word_1_381' title='bbox 2402 4311 2570 4366; x_wconf 64' lang='lat' dir='ltr'>Grcee</span> <span class='ocrx_word' id='word_1_382' title='bbox 2605 4328 2714 4366; x_wconf 76' lang='lat' dir='ltr'>une</span> <span class='ocrx_word' id='word_1_383' title='bbox 2748 4314 2925 4381; x_wconf 50' lang='lat' dir='ltr'>espace</span> <span class='ocrx_word' id='word_1_384' title='bbox 2961 4312 3149 4381; x_wconf 77' lang='lat' dir='ltr'>d’oph-</span> 
     </span>
     <span class='ocr_line' id='line_1_41' title="bbox 531 4386 3149 4461; baseline 0.003 -22"><span class='ocrx_word' id='word_1_385' title='bbox 531 4386 755 4439; x_wconf 80' lang='lat' dir='ltr'>thalmie</span> <span class='ocrx_word' id='word_1_386' title='bbox 809 4386 1110 4455; x_wconf 62' lang='lat' dir='ltr'>myimire</span> <span class='ocrx_word' id='word_1_387' title='bbox 1164 4387 1229 4441; x_wconf 80' lang='lat' dir='ltr'>de</span> <span class='ocrx_word' id='word_1_388' title='bbox 1283 4389 1541 4460; x_wconf 71' lang='lat' dir='ltr'>Z’Eyypte</span> <span class='ocrx_word' id='word_1_389' title='bbox 1594 4395 1647 4443; x_wconf 83' lang='lat' dir='ltr'>et</span> <span class='ocrx_word' id='word_1_390' title='bbox 1699 4390 1917 4457; x_wconf 77' lang='lat' dir='ltr'>appele&#39;e</span> <span class='ocrx_word' id='word_1_391' title='bbox 1982 4391 2029 4444; x_wconf 81' lang='lat' dir='ltr'>le</span> <span class='ocrx_word' id='word_1_392' title='bbox 2090 4390 2395 4445; x_wconf 57' lang='lat' dir='ltr'>trachomd‘</span> <span class='ocrx_word' id='word_1_393' title='bbox 2458 4391 2663 4446; x_wconf 80' lang='lat' dir='ltr'>Girard</span> <span class='ocrx_word' id='word_1_394' title='bbox 2725 4392 2786 4444; x_wconf 86' lang='lat' dir='ltr'>L’</span> <span class='ocrx_word' id='word_1_395' title='bbox 2788 4392 3149 4461; x_wconf 81' lang='lat' dir='ltr'>Asclepieion</span> 
     </span>
     <span class='ocr_line' id='line_1_42' title="bbox 536 4464 3146 4543; baseline 0.004 -27"><span class='ocrx_word' id='word_1_396' title='bbox 536 4465 588 4516; x_wconf 93' lang='lat' dir='ltr'>d&#39;</span> <span class='ocrx_word' id='word_1_397' title='bbox 592 4464 842 4518; x_wconf 89' lang='lat' dir='ltr'>Athenes</span> <span class='ocrx_word' id='word_1_398' title='bbox 879 4483 932 4533; x_wconf 91' lang='lat' dir='ltr'>p.</span> <span class='ocrx_word' id='word_1_399' title='bbox 967 4470 1084 4534; x_wconf 89' lang='grc'><strong>116,</strong></span> <span class='ocrx_word' id='word_1_400' title='bbox 1102 4471 1133 4518; x_wconf 83' lang='grc' dir='ltr'>ὅ</span> <span class='ocrx_word' id='word_1_401' title='bbox 1173 4468 1501 4535; x_wconf 89' lang='lat' dir='ltr'>(secundum</span> <span class='ocrx_word' id='word_1_402' title='bbox 1526 4471 1721 4523; x_wconf 87' lang='lat' dir='ltr'>notam</span> <span class='ocrx_word' id='word_1_403' title='bbox 1749 4467 1857 4523; x_wconf 90' lang='lat' dir='ltr'>viri</span> <span class='ocrx_word' id='word_1_404' title='bbox 1886 4469 2039 4523; x_wconf 90' lang='lat' dir='ltr'>docti</span> <span class='ocrx_word' id='word_1_405' title='bbox 2067 4469 2429 4523; x_wconf 85' lang='lat' dir='ltr'>Atheniensis</span> <span class='ocrx_word' id='word_1_406' title='bbox 2458 4471 2919 4543; x_wconf 84' lang='lat' dir='ltr'>Anagnostakis).</span> <span class='ocrx_word' id='word_1_407' title='bbox 2979 4472 3146 4526; x_wconf 86' lang='lat' dir='ltr'>Cata-</span> 
     </span>
     <span class='ocr_line' id='line_1_43' title="bbox 530 4542 3145 4622; baseline 0.004 -27"><span class='ocrx_word' id='word_1_408' title='bbox 530 4542 692 4612; x_wconf 85' lang='lat' dir='ltr'>logus</span> <span class='ocrx_word' id='word_1_409' title='bbox 761 4544 1043 4614; x_wconf 90' lang='lat' dir='ltr'>Asclepiei</span> <span class='ocrx_word' id='word_1_410' title='bbox 1098 4546 1484 4618; x_wconf 74' lang='lat' dir='ltr'>AtheniensiS,</span> <span class='ocrx_word' id='word_1_411' title='bbox 1550 4549 1649 4603; x_wconf 88' lang='lat' dir='ltr'>ubi</span> <span class='ocrx_word' id='word_1_412' title='bbox 1714 4553 2114 4603; x_wconf 89' lang='lat' dir='ltr'>enumerantur</span> <span class='ocrx_word' id='word_1_413' title='bbox 2176 4550 2430 4604; x_wconf 88' lang='lat' dir='ltr'>membra</span> <span class='ocrx_word' id='word_1_414' title='bbox 2492 4552 2553 4604; x_wconf 90' lang='lat' dir='ltr'>in</span> <span class='ocrx_word' id='word_1_415' title='bbox 2613 4550 2800 4621; x_wconf 85' lang='lat' dir='ltr'>effigie</span> <span class='ocrx_word' id='word_1_416' title='bbox 2862 4551 3145 4622; x_wconf 84' lang='lat' dir='ltr'>dedicata,</span> 
     </span>
     <span class='ocr_line' id='line_1_44' title="bbox 534 4623 3146 4702; baseline 0.004 -26.081"><span class='ocrx_word' id='word_1_417' title='bbox 534 4623 867 4693; x_wconf 59' lang='lat' dir='ltr'>‘dmoflockpol’</span> <span class='ocrx_word' id='word_1_418' title='bbox 907 4642 1103 4680; x_wconf 91' lang='lat' dir='ltr'>vocem</span> <span class='ocrx_word' id='word_1_419' title='bbox 1152 4632 1281 4680; x_wconf 88' lang='lat'>110-</span> <span class='ocrx_word' id='word_1_420' title='bbox 1257 4626 1363 4682; x_wconf 87' lang='lat' dir='ltr'>-ies</span> <span class='ocrx_word' id='word_1_421' title='bbox 1408 4629 1657 4698; x_wconf 86' lang='lat' dir='ltr'>praebet.</span> <span class='ocrx_word' id='word_1_422' title='bbox 1715 4628 1784 4683; x_wconf 87' lang='lat' dir='ltr'>cf</span> <span class='ocrx_word' id='word_1_423' title='bbox 1827 4628 2029 4683; x_wconf 81' lang='lat' dir='ltr'>Girard</span> <span class='ocrx_word' id='word_1_424' title='bbox 2075 4648 2127 4699; x_wconf 89' lang='lat' dir='ltr'>p.</span> <span class='ocrx_word' id='word_1_425' title='bbox 2162 4635 2279 4684; x_wconf 82' lang='lat'>116.</span> <span class='ocrx_word' id='word_1_426' title='bbox 2346 4630 2464 4685; x_wconf 90' lang='lat' dir='ltr'>Nec</span> <span class='ocrx_word' id='word_1_427' title='bbox 2501 4648 2612 4685; x_wconf 89' lang='lat' dir='ltr'>non</span> <span class='ocrx_word' id='word_1_428' title='bbox 2652 4632 2713 4685; x_wconf 89' lang='lat' dir='ltr'>in</span> <span class='ocrx_word' id='word_1_429' title='bbox 2749 4632 2979 4686; x_wconf 86' lang='lat' dir='ltr'>iamatis</span> <span class='ocrx_word' id='word_1_430' title='bbox 3010 4632 3146 4702; x_wconf 87' lang='lat' dir='ltr'>Epi-</span> 
     </span>
     <span class='ocr_line' id='line_1_45' title="bbox 531 4702 1823 4764; baseline 0.008 -10"><span class='ocrx_word' id='word_1_431' title='bbox 531 4702 743 4756; x_wconf 88' lang='lat' dir='ltr'>dauriis</span> <span class='ocrx_word' id='word_1_432' title='bbox 782 4722 1071 4760; x_wconf 89' lang='lat' dir='ltr'>caecorum</span> <span class='ocrx_word' id='word_1_433' title='bbox 1109 4723 1371 4761; x_wconf 87' lang='lat' dir='ltr'>numerus</span> <span class='ocrx_word' id='word_1_434' title='bbox 1411 4710 1496 4763; x_wconf 87' lang='lat' dir='ltr'>est</span> <span class='ocrx_word' id='word_1_435' title='bbox 1531 4709 1823 4764; x_wconf 63' lang='lat' dir='ltr'>maximus</span> 
     </span>
    </p>
   </div>
  </div>
 </body>
</html>
