3611 5264
555 291 682 355 134
1516 288 1794 343 Laudatio
1833 287 2204 359 Therapontis
2880 292 2966 354 28,
2988 293 3160 342 1-21

458 469 534 525 28
732 456 882 519 δότε
937 454 1180 539 μικρὸν
1232 455 1328 518 ἔτι
1526 461 2059 538 κατεντρυφῆσαι
2115 460 2208 541 τῷ
2261 449 2520 539 ᾅσματι,
2700 448 3040 538 συνᾳδέτω
3088 448 3166 517 δὲ

554 563 681 630 πᾶς
728 550 873 636 ἐμοὶ
964 550 1073 616 καὶ
1121 550 1540 637 ἀνακρουέτω
1588 552 1841 638 χορδὴν
1888 551 1963 615 ἐν
2000 552 2262 637 ,κινύρᾳ
2315 559 2435 615 τοῦ
2490 551 2889 634 πνεύματος·
2979 574 3164 636 χαρι-

551 651 860 736 στηρίους
918 647 1094 737 ᾠδὰς
1157 650 1620 734 ἀνατείνωμεν.
1856 647 1891 714 6
1946 645 2070 734 μὲν
2131 650 2259 734 γὰρ
2322 656 2566 732 ψυχῆς,
2631 647 2667 712 ὁ
2725 643 2798 711 δὲ
2863 647 3165 732 σώματος

548 748 767 825 πάθος
814 747 1324 833 εὐθυδρομήσας
1372 746 1618 813 ἐνθάδε
1664 745 2006 832 διέφυγεν,
2096 745 2133 811 6
2181 743 2255 811 δὲ
2300 745 2409 811 καὶ
2455 756 2592 810 τῶν
2636 744 2888 824 ἔξωθεν
2935 745 3166 829 ἐνδεὴς

510 847 845 930 εγεγονὼς
890 846 1104 935 τούτῷ
1148 848 1727 932 προσκαρτερήσας
1771 854 1862 933 τῷ
1908 847 2075 932 θείῳ
2123 846 2304 932 δόμῷ
2352 852 2471 909 τοῦ
2520 841 2788 920 δέοντος
2834 847 3081 928 ἔτυχεν.

555 943 596 1027 ἡ
653 942 860 1030 ἡμέρα
919 943 1084 1028 αὕτη
1140 945 1499 1030 μαρτύρων
1556 946 1949 1029 πανήγυρις,
2111 942 2453 1026 πάνδημος
2513 939 2704 1027 ἑορτὴ
2765 952 2900 1007 τῶν
2958 941 3164 1027 ὀρθο-

552 1041 767 1119 δόξων
813 1038 1200 1118 συνέστιος(
1266 1040 1466 1124 βάλλε
1501 1065 1615 1126 μοι
1652 1052 1787 1107 τῶν
1817 1042 2340 1125 Παναθηναίων,
2378 1051 2513 1104 τῶν
2540 1039 2695 1124 <τε>
2712 1037 3008 1125 Ἡραίων
3051 1039 3163 1105 καὶ

551 1142 977 1225 Δημητρίων,
1019 1142 1521 1225 Θεσμοφορίων,
1549 1137 2001 1223 Ἐλευσινίων,
2027 1137 2458 1225 Ἀρτεμισίων
2487 1137 2612 1221 [τε]
2652 1135 2762 1201 καὶ
2789 1136 3166 1222 Ὀλυμπίων

552 1239 632 1303 τὰ
678 1239 984 1303 σκοτεινὰ
1030 1249 1166 1303 τῶν
1212 1235 1575 1322 ἑλληνικῶν
1621 1235 1871 1322 ἑορτῶν
1925 1237 2321 1318 καταγώγια.
2438 1235 2519 1300 οὐ
2566 1237 2694 1321 γὰρ
2742 1235 3164 1321 ἀντιπαρατί-

483 1364 535 1414 1⁰
553 1344 747 1402 θεται
818 1337 985 1422 πρὸς
1050 1333 1343 1415 ἐξέτασιν
1520 1344 1611 1423 τῷ
1695 1334 1869 1420 φωτὶ
1950 1335 2023 1399 τὸ
2107 1328 2340 1410 σκότος
2413 1332 2522 1398 καὶ
2589 1343 2729 1409 τοῖς
2796 1333 3012 1416 ἁγίοις
3082 1336 3164 1399 τὰ

553 1439 882 1518 αἴσχιστα·
1018 1433 1206 1518 ἡμῶν
1252 1435 1376 1520 γὰρ
1425 1434 1824 1518 ἀναίμακτος
1958 1430 2295 1514 πάναγνός
2340 1455 2410 1496 τε
2455 1429 2564 1496 καὶ
2611 1433 2814 1507 ἄυλος
2949 1431 2990 1515 ἡ
3035 1439 3165 1497 θυ-

553 1534 662 1597 σία
709 1530 1134 1616 καθέστηκεν.
1247 1534 1359 1598 διὰ
1387 1541 1584 1598 τοῦτο
1613 1529 1946 1614 Δέσποτα,
1988 1526 2111 1595 Θεὲ
2156 1530 2629 1615 παντοκράτωρ
2672 1528 2781 1594 καὶ
2819 1531 3007 1616 κύριε
3042 1538 3165 1594 τοῦ

552 1628 799 1713 ἐλέους,
829 1630 1104 1714 (φεῖσαῦ
1145 1641 1279 1696 τῶν
1317 1628 1897 1714 τεταπεινωμένων
1935 1626 2068 1693 τκαὶ
2103 1630 2191 1713 μὴ
2231 1629 2364 1715 δῷς
2402 1629 2497 1704 εἰς
2542 1628 2799 1704 ὄνειδος
2845 1629 2967 1711 τὴν
3010 1632 3165 1711 κλη-

553 1731 877 1812 ρονομίαν
922 1746 1048 1795 σου
1094 1738 1214 1794 τοῦ
1261 1726 1572 1815 κατάρξαι
1619 1727 1807 1813 ἡμῶν
1853 1727 2064 1811 ἔθνη’.
2112 1728 2260 1791 ίδοὺ
2309 1727 2436 1811 γὰρ
2483 1726 2884 1810 τετήγμεθα,
2999 1726 3166 1793 ’δια-

482 1853 533 1894 15
550 1826 1080 1911 πεφωνήκαμεν’,
1180 1824 1794 1911 (τεταλαιπωρηκεθ
1845 1825 1880 1891 6
1928 1828 2100 1902 λαός.
2149 1824 2271 1889 οὐκ
2318 1827 2501 1889 ἔστιν
2547 1822 2769 1900 οὐδεὶς
2816 1824 2852 1889 ὁ
2900 1823 3167 1907 ’λόγους

552 1925 959 2008 φρονήσεως’
1010 1923 1311 2008 ἐκζητῶν,
1358 1923 1394 1989 6
1444 1925 1781 2008 τσυνάγων
1818 1925 1897 1988 τὰ
1935 1920 2403 2008 διεσπαρμένα’
2452 1923 2546 1998 εἰς
2591 1920 2683 1986 ἔν.
2784 1924 3065 2009 πρόσχες
3112 1914 3165 1986 ὦ

550 2022 784 2107 Κύριε,
924 2023 1134 2109 Κύριε
1178 2023 1267 2107 μὴ
1312 2024 1598 2108 παρίδῃς
1645 2024 1739 2098 εἰς
1793 2019 1980 2098 τέλος
2036 2020 2230 2106 ἡμᾶς,
2289 2018 2434 2086 ἀλλ’
2504 2019 2937 2108 εὐσπλάγχνῷ
2993 2019 3165 2106 ῥοπῇ

551 2120 1041 2203 μετασκεύασον
1101 2118 1289 2204 ἡμῶν
1351 2120 1472 2202 τὴν
1532 2122 1719 2202 ζωήν,
1766 2121 2040 2205 εἰρήνην
2099 2131 2238 2195 τοῖς
2290 2120 2550 2205 μακρὰν
2604 2114 2714 2182 καὶ
2774 2128 2914 2194 τοῖς
2970 2117 3167 2201 ἐγγὺς

552 2219 975 2303 χαριζόμενος
1076 2217 1150 2282 ἐν
1195 2217 1374 2305 αὐτῷ
1420 2225 1512 2306 τῷ
1559 2223 1826 2304 Χριστῷ
1872 2225 1964 2304 τῷ
2010 2219 2451 2301 πανελεήμονι
2503 2219 2666 2303 Θεῷ,
2712 2212 2867 2300 μεθ’
2930 2210 3011 2280 οὗ
3057 2231 3166 2280 σοι

482 2344 534 2383 20
553 2322 643 2402 τῷ
701 2314 920 2403 Πατρὶ
982 2318 1111 2381 σὺν
1157 2315 1325 2403 ἁγίῷ
1388 2316 1733 2401 Πνεύματι
1794 2312 1955 2394 δόξα
2015 2316 2110 2390 εἰς
2169 2316 2325 2391 τοὺς
2371 2315 2617 2390 αἰῶνας
2686 2323 2822 2378 τῶν
2881 2314 3165 2379 αἰώνων.

556 2413 748 2498 ἀμήν.

640 2644 675 2667 ‚a
735 2613 820 2677 28,
852 2613 879 2662 1
920 2627 1015 2678 μοι
1049 2611 1180 2680 post
1217 2607 1343 2664 δότε
1374 2609 1502 2664 add.
1532 2608 1582 2662 A
1614 2612 1623 2680 Ι
1655 2605 2086 2677 κατεντρυφήσω
2114 2605 2164 2659 A
2195 2608 2204 2676 Ι
2238 2611 2269 2659 2
2299 2606 2394 2660 καὶ
2421 2606 2551 2674 post
2577 2603 2894 2674 πνεύματος
2921 2605 3048 2658 add.
3079 2605 3161 2677 Ml

553 2696 588 2743 4
624 2681 689 2735 ὁὶε
727 2692 857 2759 post
890 2698 1003 2744 τῶν
1038 2689 1269 2744 xehibet
1303 2690 1363 2742 M
1404 2692 1412 2759 1
1446 2694 1477 2742 5
1517 2697 1616 2744 σοῦ
1655 2691 1718 2743 δε
1757 2687 1932 2751 ὅντως
1965 2688 2026 2741 Μ
2071 2687 2079 2759 Ι
2121 2692 2153 2739 6
2190 2686 2226 2756 ἡ
2265 2703 2371 2740 om.
2409 2685 2467 2737 M
2499 2685 2508 2756 Ι
2544 2691 2573 2739 7
2612 2684 2863 2756 βάλλε-
2887 2692 2953 2739 12
2991 2686 3166 2740 καθέ-

554 2787 751 2840 στηκεν
789 2771 992 2824 desunt
1027 2769 1087 2823 in
1123 2770 1181 2823 M
1222 2771 1230 2838 Ι
1276 2776 1341 2823 12
1379 2770 1535 2838 κύριε
1573 2770 1668 2824 καὶ
1705 2767 1807 2823 θεὲ
1843 2770 1903 2821 Μ
1944 2771 1952 2838 Ι
1995 2773 2059 2821 13
2098 2767 2214 2821 Ioel
2251 2772 2301 2833 2,
2338 2769 2405 2818 17
2456 2770 2463 2833 Ι
2513 2768 2783 2833 παραδῶς
2818 2766 2868 2819 Α
2918 2771 2926 2834 1
2976 2774 3030 2820 εἴ
3062 2765 3123 2818 Μ
3155 2766 3163 2836 Ι

557 2857 623 2904 14
661 2849 1033 2920 ἐκτετήγμεθα
1068 2850 1144 2917 Μ,
1183 2849 1281 2919 qui
1316 2849 1451 2904 inde
1487 2867 1523 2904 a,
1560 2868 1610 2904 v.
1651 2847 1909 2918 sequenti
1945 2865 2047 2902 nos
2085 2845 2275 2901 deficit
2314 2848 2322 2914 Ι
2363 2845 2432 2898 cf.
2473 2845 2672 2899 Ezech.
2713 2851 2799 2911 37,
2824 2851 2886 2898 11
2933 2846 2942 2917 Ι
2989 2851 3055 2899 15
3094 2845 3163 2898 cf.

551 2931 742 2985 Ierem.
774 2937 823 2999 4,
844 2937 912 2984 20
943 2930 953 3003 Ι
985 2931 1053 2985 cf.
1081 2948 1164 3000 pr.
1188 2930 1391 2986 Salom.
1423 2936 1471 2998 1,
1493 2936 1524 2983 2
1553 2928 1693 2985 v.ib.
1716 2936 1766 2997 9,
1788 2935 1820 2983 6
1847 2929 2045 3000 psalm.
2069 2934 2168 2982 141
2182 2930 2274 2999 (2),
2295 2930 2326 2980 5
2360 2927 2368 2998 Ι
2400 2922 2630 2996 λόγοςΑ
2662 2927 2670 2996 Ι
2707 2931 2771 2979 16
2802 2926 2871 2980 cf.
2901 2926 3109 2993 Ies.56‚
3130 2931 3164 2979 8
