3611 5264
408 331 460 394 9,
482 329 675 394 2—10‚
698 331 766 379 20
1524 325 1896 396 Therapontis
2888 328 3014 391 125

412 502 679 574 πρᾶγμα
726 491 1058 571 λεγόντων
1106 488 1141 553 ὁ
1189 497 1309 553 τοῦ
1356 488 1552 572 ἁγίου
1598 492 2011 576 θεραπευτὴς
2064 488 2175 555 καὶ
2229 500 2365 555 τῶν
2419 491 2754 569 λειψάνων
2808 515 3016 575 φρου-

406 589 521 672 ρὸς
568 585 671 651 ἐπὶ
718 588 840 669 τὴν
884 586 1055 652 θέαν
1109 595 1230 651 τοῦ
1285 589 1572 670 κιβωτοῦ
1628 598 1763 652 τῶν
1810 589 2146 666 λειψάνων
2202 585 2515 671 ἐπείγετο,
2677 583 2786 651 καὶ
2843 586 3016 651 οὕτω

406 686 677 768 φθάσας
733 683 988 767 ἐγγίσαι
1043 685 1338 769 μεγάλην
1383 685 1620 768 φωνὴν
1674 684 2175 770 ἀναρρήγνυσιν
2321 684 2410 769 [Ὅ
2440 685 2650 768 ἅγιος’
2687 684 3019 768 ἐπειπών]

406 783 479 847 οἰ
519 778 593 846 δὲ
632 783 1124 867 συνδραμόντες
1162 782 1250 856 ὡς
1286 782 1360 845 τὸ
1401 782 1574 857 εἰκὸς
1622 784 1771 847 ἴδον
1816 781 2035 867 θέαμα
2134 793 2269 847 τῶν
2308 781 2664 868 ὁρωμένων
2709 780 3067 848 ἀπάντωνε

408 882 785 964 θειότερον·
967 880 1185 964 μύρον
1230 880 1357 963 γὰρ
1415 879 1515 944 ὅτι
1571 886 1884 945 πλεῖστον
1939 879 2011 944 ἐκ
2065 890 2202 944 τῶν
2248 880 2585 958 λειψάνων
2639 882 3019 965 κρουνηδὸν

409 976 796 1060 ἀναβλύσαν
852 975 1131 1053 εὐωδίας
1186 977 1406 1059 πηγὴν
1458 978 1534 1041 τὸ
1588 986 1704 1061 τῆς
1758 976 2039 1054 ὁλκάδος
2099 979 2339 1053 ἄντλος
2397 975 2767 1061 ἀνέδειξεν,
2934 980 3023 1055 ὥς

407 1099 595 1152 τινας
638 1080 991 1140 κατελθεῖν
1036 1072 1145 1139 καὶ
1192 1083 1313 1139 τοῦ
1357 1074 1576 1159 μύρου
1621 1075 1928 1139 κάτωθεν
1975 1074 2047 1139 ἐν
2102 1075 2395 1151 ὑελίνοις
2440 1077 2745 1141 σκεύεσιν
2791 1074 3023 1159 ἀνιμή-

410 1180 676 1239 σασθαι.
857 1179 1062 1236 ταῦτα
1122 1171 1157 1236 ὁ
1217 1182 1353 1236 τῶν
1409 1175 1810 1256 θαυμασίων
1873 1174 2071 1256 Θεός,
2132 1181 2337 1237 ταῦτα
2402 1174 2474 1238 οἱ
2526 1174 2770 1238 τούτου
2827 1174 3024 1259 θερά-

414 1290 689 1353 ποντες,
870 1268 952 1332 οὐ
1014 1277 1141 1352 γῆν
1202 1268 1580 1352 ἁγιάζοντες
1633 1272 1867 1354 μόνον,
1924 1269 2091 1335 ἀλλά
2135 1268 2246 1335 καὶ
2293 1270 2478 1355 ὕδωρ
2523 1269 2634 1335 καὶ
2688 1271 2809 1335 τὸν
2863 1269 3024 1357 ἀέρα
3043 1296 3097 1335 10

409 1378 547 1443 τοῖς
591 1368 829 1452 μύροις
874 1375 990 1449 τῆς
1034 1366 1317 1449 χάριτος.

589 1457 641 1528 ὦ
701 1464 1057 1549 μαρτύρων
1114 1460 1482 1549 θεοπρεπὲς
1541 1463 1940 1549 ἀγαλλίαμα·
1998 1542 2006 1549 .
2103 1464 2344 1551 εμύρον
2390 1462 2763 1530 ἐκκενωθὲν
2808 1467 3017 1550 ὄνομα
3038 1480 3115 1535 10

411 1562 628 1645 ὑμῶν·
675 1562 788 1626 διὰ
833 1568 1032 1626 τοῦτο
1077 1560 1249 1645 ὑμᾶς
1295 1561 1385 1636 ὡς
1442 1559 1718 1639 ἑαυτοὺς
1774 1562 2259 1647 ἐφελκύσωμεν,
2429 1562 2640 1627 ὀπίσω
2694 1561 2887 1646 ὑμῶν
2931 1564 3025 1639 εἰς

419 1659 631 1743 ὀσμὴν
674 1659 895 1744 μύρου
934 1659 1394 1743 δραμούμεθα’
1489 1659 1590 1743 [οἱ
1629 1664 1924 1745 Χριστοῦ
1969 1659 2313 1744 μαθηταί]
2359 1659 2548 1744 ὑμεῖς
2585 1660 2663 1723 τὰ
2704 1656 3025 1745 ίερωμενα

419 1761 561 1845 Θεῷ
608 1755 717 1821 καὶ
762 1757 1119 1840 τιμιώτατα
1167 1754 1420 1840 σφάγια
1547 1766 1624 1842 τῆ
1669 1767 1753 1843 γῇ
1799 1760 1924 1841 τὴν
1967 1761 2159 1823 κόνιν
2204 1756 2394 1841 ὑμῶν
2440 1755 2550 1821 καὶ
2598 1755 2863 1845 οὐρανῷ
2909 1759 3025 1834 τὰς

410 1856 625 1938 ψυχὰς
672 1852 1076 1938 ἀπενείματε.
1211 1853 1399 1938 ὑμεῖς
1443 1858 1709 1941 Χριστῷ
1745 1856 2382 1939 μυσταγωγηθέντες
2419 1852 2528 1919 καὶ
2565 1853 3070 1930 τελειωθέντες5

414 1952 488 2017 ἐν
533 1953 758 2035 αἵματι
865 1949 1034 2037 ὑπὲρ
1073 1955 1352 2038 χρυσίον
1390 1951 1872 2037 ἐδοκιμάσθητε
1979 1950 2089 2017 καὶ
2125 1949 2293 2037 ὑπὲρ
2332 1953 2526 2035 ἥλιον
2565 1948 2982 2036 ἐξελάμψατε,

418 2060 561 2133 φῶς
607 2047 766 2133 ἡμῖν
813 2051 1080 2114 ἄνωθεν
1125 2050 1365 2135 νοερὸν
1422 2049 2015 2136 ἀπαστράπτοντες.
2175 2050 2367 2135 ὑμεῖς
2419 2048 2529 2115 καὶ
2586 2051 2680 2125 εἰς
2735 2049 3028 2135 οὐρανὸν

418 2146 840 2225 ἐναυλίζεσθε
977 2143 1085 2211 καὶ
1132 2147 1256 2230 τὴν
1301 2156 1429 2231 γῆν
1472 2153 1884 2233 περιπολεῖτε
1929 2160 2069 2225 τοῖς
2114 2149 2477 2232 θαύμασιν.
2615 2146 2759 2213 ἀλλ’
2811 2144 2863 2213 ὦ
2913 2174 3027 2233 μοι

420 2244 741 2327 Θεράπων
777 2246 852 2309 τὸ
889 2245 1287 2329 τιμιώτατον
1373 2244 1517 2328 ἐμοὶ
1564 2244 1673 2310 καὶ
1718 2258 1988 2332 πρᾶγμα
2035 2244 2143 2311 καὶ
2192 2248 2423 2330 ὄνομα,
2524 2245 2562 2310 ὁ
2608 2247 2730 2328 τὴν
2778 2245 3028 2311 ἐπωνυ-
3263 2300 3267 2303 .

419 2346 579 2426 μίαν
626 2346 791 2430 ἕργῷ
839 2341 1102 2418 τελέσας
1155 2340 1267 2407 καὶ
1322 2350 1702 2427 ψευσθῆναι
1758 2345 1847 2427 μὴ
1904 2345 2337 2428 συγχωρήσας
2391 2345 2549 2419 τοὺς
2605 2342 2677 2407 ἐν
2732 2342 2898 2429 ἀρχῇ
2955 2360 3027 2408 σε
3046 2371 3129 2427 ιο,

411 2450 612 2506 τοῦτο
661 2439 1086 2515 καλέσαντας·
1234 2432 1285 2503 ὦ
1333 2463 1444 2523 μοι
1493 2442 1904 2525 συγχορευτά
1950 2451 2085 2504 τῶν
2130 2439 2432 2523 ἀγγέλων
2475 2438 2586 2504 καὶ
2632 2445 2870 2505 πολῖτα
2913 2449 3030 2525 τῆς
3205 2453 3208 2455 ’

415 2540 555 2602 ἅνω
603 2538 1067 2623 μητροπόλεως
1101 2534 1561 2621 Ἰερουσαλήμ,
1618 2536 1879 2602 ἐκεῖθεν
1925 2537 2370 2621 ἐπισκόπησον
2414 2538 2582 2622 ἡμᾶς
2627 2536 2736 2602 καὶ
2784 2547 3029 2621 στῆσον
3092 2595 3096 2600 ,

418 2635 541 2718 τὴν
585 2631 743 2700 καθ’
796 2632 984 2718 ἡμῶν
1023 2634 1299 2717 ἀπειλὴν
1336 2645 1471 2699 τῶν
1509 2635 1867 2720 βαρβάρων
1901 2638 2186 2722 θραύων
2221 2639 2302 2701 τὰ
2340 2636 2711 2721 φράγματα.
2823 2636 3027 2701 πάλαι

412 2729 537 2816 μὲν
586 2734 813 2815 ῆλγεις
858 2727 1025 2816 ὑπὲρ
1075 2735 1367 2813 Χριστοῦ
1412 2744 1790 2818 μαρτυρῶν,
1837 2735 2129 2817 ἄλγησον
2173 2733 2283 2799 καὶ
2338 2744 2467 2799 νῦν
2522 2731 2689 2820 ὑπὲρ
2739 2751 3029 2820 χριστια-

413 2840 555 2896 νῶν
597 2827 1244 2913 ταλαιπωρουμένων
1286 2830 1623 2893 κυκλόθεν
1666 2840 1807 2905 τοῖς
1852 2833 2081 2897 ἔθνεσι
2099 2880 2118 2915 ‚
2253 2836 2510 2915 μᾶλλον
2557 2827 2631 2895 δὲ
2678 2832 3026 2915 συμπάθψ
3048 2859 3098 2900 15

414 2944 537 2994 σον
599 2926 711 2993 καὶ
777 2924 1057 3003 σώσειας
1115 2928 1315 2992 πόλιν
1379 2929 1473 3003 εἰς
1531 2926 1618 3010 ἣν
1677 2926 2098 3012 ἐνεδήμησας.
2247 2928 2530 3015 ὕστερον
2589 2930 2748 3014 γὰρ·
2779 2928 3025 2994 ἐνθάδε

377 3026 988 3113 ἱκαθορμισάμενος
1129 3023 1241 3089 καὶ
1288 3023 1557 3090 τουτονὶ
1604 3026 1723 3089 τὸν
1768 3033 1886 3110 τῆς
1935 3028 2266 3091 Θεοτόκου
2310 3027 2483 3091 νεὼν
2531 3025 2953 3110 ἐκλεξάμενος

363 3193 366 3197 4
416 3125 737 3208 [παρῆκας
773 3125 854 3188 τὰ
882 3125 1051 3188 ἄλλα
1086 3123 1322 3206 πάντα,
1358 3131 1488 3188 νῦν
1535 3119 1638 3206 δὲ]
1684 3123 1877 3208 πάρει
1912 3121 2024 3188 καὶ
2062 3127 2400 3208 γνωρίζεις
2426 3123 2585 3208 ἡμῖν
2632 3122 2872 3190 ἑαυτὸν
2919 3124 3026 3209 ε’μ-

415 3221 845 3306 φανέστερον,
963 3218 1049 3285 δι’
1116 3212 1212 3285 ὧν
1260 3220 1547 3307 ἐνεργεῖς
1601 3219 1751 3285 καθ’
1819 3219 2073 3307 ἡμέραν
2131 3223 2253 3305 τὴν
2313 3221 2700 3287 ἐπιστασίαν
2753 3224 3026 3288 πιστού-

414 3343 627 3404 μενος.
743 3319 972 3404 καιρὸς
1008 3321 1242 3383 τοίνυν
1287 3316 1425 3383 ἐστὶ
1471 3317 1581 3383 καὶ
1617 3317 1768 3405 περὶ
1804 3319 1925 3383 τὸν
1971 3325 2262 3403 λειμῶνα
2308 3331 2442 3384 τῶν
2490 3312 2621 3384 ὧδε
2656 3321 3026 3403 θαυμάτων
3046 3349 3100 3388 20

413 3566 763 3626 κατελθεῖν
818 3558 924 3624 ἐπὶ
983 3559 1057 3623 τὸ
1111 3563 1349 3624 πλοῖον
1399 3558 1510 3624 καὶ
1557 3559 1944 3645 ἀρύσασθαί
1994 3581 2180 3635 τινας
2225 3561 2320 3635 εἰς
2364 3556 2596 3623 ὑέλινα
2651 3559 2851 3642 σκεύη
2898 3568 3242 3628 vovum-40

416 3659 624 3724 αὐτοῦ
683 3658 879 3723 θείου
939 3656 1177 3743 μύρου.
1236 3662 1504 3722 πολλῶν
1564 3655 1638 3722 δὲ
1699 3655 1940 3722 ἰάσεων
2005 3657 2170 3721 κατὰ
2236 3657 2590 3721 θάλασσαν
2651 3656 3029 3741 γενομένων
3047 3685 3100 3726 ³5

417 3759 754 3840 ,ἔφθασανν
784 3754 894 3820 καὶ
961 3754 1033 3820 ἐν
1087 3764 1165 3841 τῆ
1221 3755 1667 3841 βασιλευούσῃ
1731 3758 1938 3820 πόλει.
2037 3751 2368 3819 ἀποτεθὲν
2414 3750 2486 3818 δὲ
2543 3753 2752 3819 ἐκεῖσε
2805 3756 2879 3819 τὸ
2935 3757 3029 3818 τί-

416 3879 574 3938 μιον
619 3857 938 3931 λείψανον
982 3861 1104 3919 τοῦ
1165 3851 1362 3935 ἁγίου
1420 3852 1895 3937 ίερομάρτυρος
1953 3853 2373 3938 Θεράποντος
2427 3853 2666 3936 ἄπειρα
2717 3853 3029 3935 θαύματα

417 3950 608 4037 μέχρι
667 3961 784 4034 τῆς
838 3953 1126 4037 σήμερον
1182 3951 1295 4015 διὰ
1354 3957 1470 4034 τῆς
1527 3950 1771 4015 τούτου
1830 3952 2180 4035 πρεσβείας
2242 3961 2383 4026 τοῖς
2434 3950 2652 4014 πίστει
2706 3948 3024 4036 προστρέ-

416 4064 654 4133 χουσιν
699 4046 740 4131 ἢ
785 4046 895 4112 καὶ
943 4046 1489 4131 ἐπικαλουμένοις
1542 4046 1747 4112 αὐτὸν
1799 4052 2148 4112 τελοῦνται
2204 4046 2494 4129 ἀενάως,·
2525 4048 2620 4122 εἰς
2668 4044 2870 4124 δόξαν
2914 4044 3027 4112 καὶ

420 4150 697 4213 ἔπαινον
747 4150 921 4210 Θεοῦ
966 4155 1087 4210 τοῦ
1133 4144 1235 4211 ἀεὶ
1284 4142 1723 4228 δοξαζομένου
1770 4143 1846 4209 ἐν
1890 4154 2029 4220 τοῖς
2075 4143 2290 4227 ἁγίοις
2336 4143 2563 4209 αὐτοῦ.
3046 4163 3101 4203 40

596 4379 648 4442 9,
677 4377 709 4426 8
748 4373 999 4429 σκεύεσιν
1035 4371 1274 4437 ὑελίνοις
1309 4374 1359 4427 A
1386 4376 1405 4444 ΙΙ
1433 4379 1518 4441 10,
1550 4378 1577 4426 1
1619 4372 1686 4426 cf.
1718 4371 1875 4428 Canb.
1911 4379 1958 4440 1,
1989 4378 2021 4426 3
2054 4375 2062 4442 Ι
2096 4378 2127 4425 2
2164 4371 2378 4442 ἡμᾶςΑ
2409 4373 2418 4443 Ι
2454 4378 2518 4426 13
2556 4370 2627 4426 τὰ
2666 4375 2798 4427 ante
2824 4380 2935 4427 τῶν
2953 4371 3026 4443 ΑΙ

423 4459 486 4508 17
527 4453 1033 4524 καθορμκησάμενος
1067 4453 1158 4525 ΑΙ
1202 4459 1267 4508 18
1304 4462 1563 4525 παρῇσας
1597 4452 1647 4505 A
1688 4454 1696 4523 Ι
1739 4458 1808 4506 20
1854 4453 1987 4506 inde
2034 4469 2069 4506 a
2112 4470 2161 4507 v,
2200 4452 2396 4521 καιρὸς
2449 4469 2639 4506 rursus
2685 4450 2906 4506 accedit
2942 4451 3001 4502 Μ
3015 4450 3025 4523 Ι

419 4532 614 4590 τοίνυν
654 4534 704 4588 Δ
758 4532 820 4589 δὲ
856 4533 917 4586 Μ
948 4536 957 4606 Ι
990 4534 1270 4604 αγαπητοὶ
1309 4537 1440 4589 ante
1478 4534 1575 4588 καὶ
1613 4532 1740 4586 add.
1779 4532 1841 4585 M
1872 4533 1881 4603 Ι
1913 4525 2021 4588 ὦδε
2058 4532 2108 4585 A
2164 4532 2226 4588 έν
2262 4529 2676 4588 κωνσταντίνον
2712 4532 2870 4584 πολει
2906 4529 2967 4582 Μ

633 4728 701 4777 34
738 4743 895 4786 τινας
932 4740 1068 4778 corr.
1108 4721 1524 4777 Radermacher
1560 4718 1767 4776 collato
1807 4725 1857 4789 9,
1887 4723 1920 4773 8
1957 4718 2074 4774 πάν
2112 4720 2232 4775 cod.
2265 4723 2276 4792 Ι
2309 4726 2375 4775 39
2415 4715 2665 4780 ἀεννάους
2701 4715 2820 4771 cod.
