3611 5264
1517 1284 1846 1378 Index
1906 1306 2261 1360 rerum

583 1586 957 1638 admonentur
1016 1583 1271 1639 homines
1334 1584 1396 1636 in
1459 1582 1860 1653 componendis
1916 1599 2044 1636 cera
2081 1598 2241 1636 sacra
2281 1587 2363 1636 72.
2403 1586 2489 1635 82.
2531 1586 2632 1635 105

657 1655 881 1724 scriptis
921 1672 955 1709 a
993 1655 1202 1710 sanctis
1240 1655 1329 1708 vel
1367 1655 1454 1708 dis
1492 1660 1578 1724 98,
1607 1660 1642 1708 4
1915 1651 2288 1724 χρηματισμός
2324 1658 2356 1706 5

582 1726 830 1796 Aegypti
876 1725 1120 1780 filiorum
1166 1728 1389 1780 statuae
1436 1729 1723 1794 equestres
1759 1742 1862 1795 per
1915 1724 2057 1778 cinis
2093 1729 2167 1778 45

656 1815 911 1851 somnum
945 1798 1223 1867 praebent
1259 1797 1488 1851 oracula
1526 1803 1592 1850 10
1918 1796 2212 1865 collyrium
2248 1801 2317 1849 47
2329 1813 2408 1863 sq.

582 1868 950 1938 Aesculapius
988 1868 1218 1936 eiusque
1248 1884 1408 1922 sacra
1445 1874 1493 1922 9.
1537 1874 1617 1921 10.
1661 1874 1741 1921 11.
1776 1873 1857 1920 12.
1915 1867 2177 1922 columba
2225 1866 2485 1920 ministra
2531 1865 2850 1936 appellatur
2896 1882 2930 1919 a
2979 1865 3196 1920 Thecla

658 1946 738 1994 17.
782 1945 863 1993 18.
905 1945 990 2007 20,
1015 1947 1059 1994 1.
1110 1946 1193 1993 22.
1243 1947 1330 2008 32,
1353 1946 1398 1992 1.
1449 1945 1608 2007 sosq.
1650 1945 1733 1992 39.
1772 1945 1858 1993 40.
1988 1944 2124 2006 99‚1

655 2017 740 2063 41.
779 2017 863 2064 42.
912 2017 996 2064 44.
1045 2015 1130 2064 45.
1178 2017 1268 2069 46,
1312 2017 1399 2080 48,
1423 2018 1449 2063 1
1499 2027 1702 2064 nomen
1740 2009 1860 2065 eius
1917 2026 2100 2063 comes
2130 2027 2196 2064 ac
2221 2008 2435 2080 placidi
2465 2011 2740 2079 apparent
2767 2007 2860 2062 dei
2889 2007 2979 2062 vel
3005 2006 3194 2061 sancti

656 2099 784 2135 cum
819 2083 1183 2154 ἀσκαλαβώτῃ
1215 2081 1574 2151 coniungitur
1612 2087 1680 2135 37
1720 2081 1861 2134 vati·
1990 2086 2053 2134 11
2068 2098 2146 2148 sq.
2189 2087 2271 2136 73.
2313 2086 2380 2134 83
2392 2098 2471 2148 sq.

654 2153 878 2207 cinatur
914 2157 999 2222 37,
1022 2159 1050 2206 1
1917 2151 2205 2206 coronatio
2243 2158 2327 2206 26.
2370 2158 2437 2204 33

585 2224 900 2314 Agamedes
941 2229 1023 2292 18,
1048 2229 1079 2277 7
1917 2222 2144 2303 Cosmas
2182 2225 2253 2304 ⁸et
2300 2222 2613 2276 Damianus
2659 2221 2903 2276 Asiatici
2953 2225 3020 2274 69
3085 2220 3196 2273 Ro-

585 2294 1311 2421 Ξῖἔέξαοέῗοῗᾳ1ἓ12ἒ433.
1352 2372 1437 2421 41.
1487 2372 1554 2420 46
1566 2384 1646 2434 sq.
1695 2371 1765 2420 47
1777 2384 1857 2434 sq.
1986 2293 3198 2435 {331}ssAffigesaffezcilqbepgnggffiffi

583 2438 902 2493 Alexander
936 2437 1411 2492 Abonotichensis
1448 2444 1532 2491 42.
1572 2443 1659 2507 48,
1683 2444 1709 2491 1
1986 2439 2120 2490 cant
2155 2436 2463 2490 remedium
2505 2441 2567 2489 71
2581 2454 2662 2504 sq.
2702 2438 2903 2489 curant
2932 2436 3192 2515 aegrotos

583 2509 959 2579 Amphiaraus
1006 2514 1054 2562 8.
1107 2515 1188 2563 14.
1241 2514 1322 2562 15.
1375 2514 1455 2562 17.
1508 2514 1590 2562 18.
1640 2514 1723 2562 27.
1772 2514 1857 2562 28.
1987 2509 2086 2560 aut
2122 2507 2244 2577 ipso
2283 2524 2475 2562 somno
2525 2509 2627 2560 aut
2669 2505 2932 2560 remediis
2980 2504 3195 2575 s1gnifi-

655 2587 741 2651 31,
762 2586 809 2635 9.
851 2586 935 2636 40.
974 2586 1043 2634 42
1083 2579 1361 2650 Apollinis
1398 2580 1547 2634 filius
1587 2585 1671 2649 55,
1695 2586 1722 2634 1
1773 2596 1859 2634 sa·
1986 2576 2129 2632 catis
2168 2585 2235 2631 72
2292 2581 2570 2648 apparent
2612 2576 2701 2630 bis
2739 2579 2826 2631 ter
2877 2576 3058 2630 eidem
3094 2575 3197 2629 ho-

655 2670 809 2706 crum
859 2652 981 2707 eius
1042 2653 1113 2706 ab
1168 2651 1431 2721 Apolline
1490 2655 1861 2721 occupatum?
1985 2649 2125 2703 mini
2165 2656 2229 2702 73
2294 2653 2452 2704 extra
2495 2648 2772 2719 templum
2818 2648 3078 2702 videntur
3126 2652 3195 2700 74

656 2730 723 2777 56
772 2725 899 2777 adn.
966 2726 1175 2778 'terram
1231 2723 1386 2777 subit
1433 2729 1533 2777 103
1598 2723 1856 2792 Byzantii
1984 2721 2045 2775 in
2084 2721 2342 2775 domibus
2378 2720 2618 2790 privatis
2663 2721 2939 2790 apparent
2973 2718 3049 2772 ib.
3090 2717 3198 2770 mi-

654 2795 838 2849 cultus
879 2801 979 2849 109
1984 2792 2178 2846 racula
2228 2808 2418 2846 eorum
2477 2793 2551 2846 ad
2612 2791 2932 2860 augendum
2980 2788 3198 2859 suppli-

582 2866 988 2936 Amphilochus
1025 2865 1305 2936 Apollinis
1342 2865 1490 2919 filius
1529 2871 1596 2919 56
1619 2867 1744 2919 adn.
1986 2881 2113 2917 cum
2147 2880 2439 2918 numerum
2475 2863 2632 2917 edita
2673 2868 2738 2917 75
2749 2881 2830 2931 sq.
2869 2861 2943 2915 ad
2978 2860 3196 2929 Byzan-

584 2938 852 2992 animalia
888 2938 1052 2992 edere
1088 2955 1199 2992 non
1236 2936 1372 2991 licet
1411 2942 1475 2990 16
1985 2935 2129 2989 tium
2147 2935 2442 2990 referenda
2467 2940 2531 2988 76
2548 2934 2603 2988 C.
2622 2937 2681 2989 et
2702 2934 2768 2987 D.
2795 2933 2871 2987 ad
2895 2931 3195 2987 Dioscuros

584 3025 749 3063 anser
783 3015 868 3063 42.
908 3014 995 3077 48,
1020 3016 1047 3062 1
1671 3034 1675 3038 Δ
1991 3006 2330 3061 adnectendi
2352 3012 2416 3060 77
2430 3023 2548 3075 sqq.
2575 3005 2650 3058 ad
2669 3022 2861 3060 eorum
2882 3003 3199 3073 exemplum

585 3098 625 3134 s.
656 3080 934 3133 Antonius
973 3085 1039 3133 61
1988 3076 2118 3146 Cyri
2168 3080 2226 3131 et
2270 3078 2495 3132 Ioannis
2544 3076 2728 3130 cultus
2780 3074 3075 3130 institutus
3127 3079 3197 3127 95

587 3150 786 3204 anulus
825 3151 986 3204 deest
1020 3150 1276 3202 Faunum
1313 3148 1635 3205 consulturo
1675 3155 1744 3203 26
1987 3165 2146 3201 sacra
2183 3165 2375 3203 eorum
2410 3147 2727 3217 Byzantina
2765 3151 2867 3200 107
2881 3164 2961 3214 sq.

583 3221 789 3291 Apollo
825 3223 891 3274 ut
924 3237 1026 3289 per
1063 3237 1319 3274 somnum
1356 3223 1628 3290 appareat
1663 3221 1723 3273 in
1759 3237 1858 3290 pa·
1916 3219 2142 3273 Cosmas
2199 3219 2273 3274 ad
2331 3219 2559 3290 Gregor.
2615 3218 2753 3273 Naz.
2801 3216 2993 3287 Migne
3037 3218 3081 3270 t.
3122 3221 3194 3268 38

654 3291 807 3361 pyris
830 3291 1066 3362 magicis
1094 3291 1391 3345 invocatur
1409 3298 1475 3345 32
1489 3309 1607 3360 sqq.
1647 3293 1860 3346 Romae
1985 3308 2039 3359 p.
2071 3295 2173 3343 513
2212 3318 2279 3336 =
2318 3290 2463 3360 Spic.
2512 3291 2667 3344 Rom.
2706 3290 2760 3342 Π
2789 3294 2917 3342 1843
2974 3293 3038 3341 19
3061 3287 3190 3342 adn.

656 3363 709 3416 ei
745 3363 1047 3417 incubatur
1075 3369 1159 3433 32,
1184 3370 1211 3416 1
1251 3363 1583 3433 Delphicum
1621 3366 1861 3432 occupat
1918 3361 2177 3415 Cratinus
2214 3361 2420 3431 Troph.
2448 3362 2554 3430 frg.
2586 3360 2793 3414 218K.:
2835 3365 2919 3427 14,
2939 3364 2974 3412 4

656 3435 944 3489 oraculum
969 3440 1039 3489 49
1050 3452 1170 3503 sqq.
1210 3435 1283 3488 ab
1312 3435 1443 3489 Iove
1471 3435 1596 3503 ipso
1624 3434 1860 3504 Delphis
1916 3451 1957 3486 s,
1990 3431 2134 3485 Crux
2170 3432 2539 3487 Pictaviensis
2578 3437 2644 3485 63
2672 3464 2691 3483 ι.

658 3505 998 3560 constitutus
1030 3511 1114 3574 52,
1138 3512 1165 3558 1
1207 3506 1437 3560 oracula
1464 3506 1733 3561 chthonia
1762 3523 1860 3575 op·
1917 3503 2090 3572 Cyrus
2127 3506 2186 3557 et
2223 3504 2457 3558 Ioannes
2494 3519 2595 3573 per
2631 3519 2887 3556 somnum
2915 3503 3195 3571 apparent

654 3576 849 3645 primit
886 3582 971 3643 55,
995 3583 1022 3629 1
1081 3577 1184 3646 Ap.
1233 3576 1487 3631 Iasonius
1527 3583 1594 3631 67
1606 3595 1684 3645 sq.
1753 3578 1858 3646 Ap.
1989 3580 2057 3628 80
2068 3591 2194 3656 sqq.
2221 3576 2320 3627 aut
2346 3573 2544 3629 statim
2571 3575 2777 3627 sanant
2801 3574 3065 3641 aegrotos
3095 3574 3196 3624 aut

657 3648 1033 3717 Sarpedonius
1074 3653 1172 3702 101
1986 3646 2236 3700 remedla
2269 3644 2661 3715 praescribunt
2676 3649 2756 3698 82
2793 3641 3197 3697 monachorum

586 3735 734 3786 aqua
769 3718 946 3772 fluens
986 3724 1053 3771 23
1986 3716 2189 3770 habitu
2226 3716 2341 3771 fere
2381 3733 2440 3770 se
2478 3715 2721 3771 offerunt
2750 3720 2818 3768 84
2856 3712 3192 3783 compluries

585 3790 730 3843 aries
768 3795 852 3843 40.
892 3795 958 3844 41
1019 3792 1140 3844 ater
1176 3795 1260 3843 33.
1300 3795 1385 3844 40.
1424 3796 1491 3844 41
1989 3788 2295 3842 admonent
2323 3789 2615 3858 aegrotum
2632 3786 2710 3841 ib.
2732 3787 3010 3855 apparent
3036 3786 3195 3838 extra

583 3859 866 3932 Aristoph.
905 3861 1053 3915 Plut.
1087 3866 1190 3914 660
1203 3878 1349 3929 sqq.=
1393 3866 1476 3929 18,
1499 3866 1531 3914 6
1989 3857 2286 3913 ecclesiam
2322 3875 2481 3913 suam
2518 3862 2585 3911 85
2622 3857 2884 3912 videntur
2921 3855 2982 3909 in
3018 3853 3196 3910 domi-

585 3931 773 3985 asinus
814 3935 935 3986 ater
972 3936 1038 3985 41
1988 3931 2097 3984 bus
2140 3929 2377 3999 privatis
2424 3934 2493 3983 86
2559 3930 2736 3983 strato
2797 3926 3088 3997 supposito
3134 3925 3197 3978 in

585 4019 723 4057 aura
760 4019 997 4058 amoena
1032 4002 1291 4057 circumit
1328 4001 1667 4057 dormientes
1707 4007 1775 4057 10
1988 4000 2112 4071 ipso
2150 4001 2270 4055 solo
2308 4001 2594 4056 dormiunt
2630 3998 2848 4069 aegroti
2885 4003 2954 4051 86
2972 4016 3051 4066 sq.
3090 3995 3195 4050 mi·-

587 4090 715 4127 aves
752 4074 812 4127 in
849 4074 1091 4129 Theclae
1129 4090 1287 4128 sacro
1326 4079 1393 4128 99
1988 4072 2183 4126 racula
2247 4072 2304 4127 C.
2362 4074 2420 4127 et
2473 4072 2514 4126 Ι.
2575 4070 2802 4139 quando
2879 4068 2995 4123 sint
3065 4084 3197 4122 con-

1990 4143 2200 4213 scripta
2246 4147 2314 4197 88
2379 4160 2492 4211 qua
2536 4142 2757 4197 ratione
2813 4140 2928 4194 sint
2974 4155 3197 4208 compo-

583 4215 792 4270 balnea
825 4233 998 4287 prope
1028 4233 1188 4271 sacra
1213 4219 1524 4286 martyrum
1564 4221 1644 4270 70.
1677 4221 1760 4270 80.
1794 4222 1861 4270 99
1990 4214 2102 4269 sita
2151 4219 2219 4268 88
2231 4232 2312 4283 sq.
2381 4213 2713 4282 martyrium
2760 4214 3080 4267 sanctorum
3126 4215 3195 4263 89

583 4288 879 4341 beatorum
914 4290 1065 4341 terra
1103 4295 1169 4342 13
1187 4306 1266 4357 sq.
1309 4293 1410 4341 135
1989 4303 2221 4356 corpora
2284 4302 2475 4340 eorum
2536 4284 2597 4338 in
2661 4282 2947 4338 Menuthis
3007 4281 3194 4336 vicum

583 4360 729 4412 Besa
766 4358 988 4429 (Horus)
1028 4364 1111 4413 30.
1152 4365 1218 4413 31
1988 4357 2401 4412 transferuntur
2452 4361 2632 4427 ,90sq.
2725 4371 2945 4409 sacrum
3003 4369 3196 4407 eorum

583 4431 718 4501 βοῦς
752 4429 1017 4499 placenta
1052 4435 1140 4498 43,
1160 4435 1195 4483 4
1987 4429 2229 4483 maxime
2274 4426 2466 4482 floruit
2511 4433 2577 4481 91
2592 4443 2712 4495 sqq.
2772 4426 2955 4480 cultus
3004 4441 3195 4479 eorum

1989 4501 2062 4555 ab
2117 4515 2228 4553 uno
2285 4497 2493 4568 Cyrillo
2549 4514 2617 4552 ex
2669 4496 2851 4551 nihilo
2915 4497 3194 4550 instaura-

585 4571 820 4626 Oalchas
861 4577 942 4626 18.
984 4578 1068 4628 27.
1107 4578 1174 4626 41
1987 4574 2079 4625 tus
2131 4576 2330 4638 93sqq.
2397 4570 2470 4623 ad
2527 4568 2760 4623 Cosmae
2819 4571 2878 4621 et
2932 4565 3197 4621 Damiani

585 4642 741 4696 canis
780 4649 846 4697 39
858 4661 937 4712 sq.
1990 4641 2304 4711 exemplum
2351 4639 2644 4695 constituti
2682 4645 2750 4693 95
2805 4638 3012 4693 Isidem
3049 4637 3196 4692 exci-

584 4714 918 4771 oastimonia
952 4714 1297 4789 praecipitur
1335 4719 1401 4770 17
1987 4713 2152 4786 piunt
2189 4718 2256 4767 96
2269 4731 2386 4784 sqq.
2424 4709 2686 4785 Byzantii
2723 4709 2862 4765 culti
2902 4715 3004 4766 108
3015 4727 3094 4779 sq.
