3611 5264
1186 339 1268 394 De
1303 339 1613 393 incubandi
1649 339 1853 394 ritibus
1892 341 2293 411 symbolisque.
2972 342 3058 407 23

438 502 731 686 &1333
756 507 948 587 caput
1009 502 1181 588 apud
1242 502 1540 567 Faunum
1597 503 1700 568 bis
1766 503 2096 590 spargitur
2148 505 2320 569 unda
2383 506 2650 570 fontana
2705 503 2848 593 (Ov.
2886 505 3059 575 Fast.

581 740 648 794 cf.
690 739 954 809 Synesius
994 739 1063 792 de
1107 737 1344 794 insomn.
1378 746 1408 794 7
1446 740 1638 812 Migne
1675 741 1825 795 Patr.
1867 741 1958 795 Gr.
1997 745 2037 796 t.
2071 727 2228 811 66'p.
2263 748 2395 797 1301
2420 744 2493 798 B:
2541 743 2754 813 ταύτην
2799 745 2906 815 ἐγὼ
2954 745 3059 815 τὴν

582 820 856 890 μαντικὴν
893 819 1110 892 ἐμαυτῷ
1137 839 1196 874 τε
1223 821 1362 886 ἀξιῶ
1398 830 1682 890 παρεῖναι,
1719 822 1817 875 καὶ
1852 821 2014 875 παισὶ
2051 824 2394 891 καταλιπεῖν,
2434 820 2525 891 ἐφ’
2570 820 2642 891 ἣν
2680 824 2746 878 οὐ
2777 826 2868 878 δεῖ
2900 822 3059 896 βαδί-

582 902 694 965 ζειν
739 896 1253 968 συσκευασαμένους
1298 900 1436 955 ὁδὸν
1473 900 1695 969 μακρὰν
1739 898 1775 969 ἢ
1822 904 1999 956 πλοῦν
2046 899 2373 971 ὑπερόριον,
2425 901 2606 971 ὥσπερ
2647 906 2918 972 Πυθῶδε,
2964 903 3061 958 καὶ

582 979 638 1043 ἐς
670 977 974 1049 Ἄμμωνος·
1024 977 1143 1033 ἀλλ’
1200 980 1367 1049 ἀρκεῖ
1408 983 1885 1048 καταδαρθεῖν
1921 989 2079 1050 χεῖρα
2131 980 2516 1052 νιψάμενόν
2560 1001 2619 1042 τε
2666 984 2764 1036 καὶ
2810 982 3057 1053 εὐφημή-

582 1079 774 1116 σαντα.
821 1093 890 1100 -
935 1060 1102 1128 Aqua
1146 1059 1429 1114 lustrandi
1481 1077 1653 1115 causa
1700 1063 1972 1115 utuntur:
2030 1060 2261 1129 Stengel
2308 1060 2398 1116 Gr.
2448 1060 2757 1116 Kultusalt.
2774 1061 2796 1092 ²
2843 1067 2947 1114 144
2975 1080 3055 1130 sq.

581 1140 735 1194 Diels
791 1139 989 1209 Sibyll.
1041 1139 1124 1193 Bl.
1178 1159 1232 1209 p.
1262 1146 1351 1208 48,
1389 1147 1439 1208 2,
1469 1146 1520 1195 2.
1566 1160 1621 1210 p.
1663 1146 1744 1194 71.
1821 1140 2019 1194 Rohde
2074 1139 2327 1209 Psyche²
2378 1140 2431 1193 H
2477 1145 2580 1194 405
2619 1158 2698 1208 sq.
2773 1140 3060 1195 Dieterich

582 1221 786 1274 Abrax.
824 1239 879 1289 p.
920 1224 1022 1273 158
1034 1220 1097 1274 Α.
1173 1219 1502 1274 Notandum
1550 1220 1810 1274 adhiberi
1861 1237 2069 1290 aquam
2117 1219 2408 1288 fluentem3
2458 1236 2697 1287 quocum
2755 1237 3060 1290 congruere

579 1316 821 1369 papyros
873 1298 1148 1369 magicas,
1198 1299 1246 1352 si
1281 1299 1724 1370 perscrutaberis
1775 1316 1897 1367 eas,
1933 1298 2104 1353 facile
2150 1297 2423 1355 invenies:
2474 1298 2764 1353 lavacrum
2813 1300 2874 1353 in
2926 1301 3059 1356 Nilo

580 1379 808 1433 flumine
834 1378 1158 1433 faciendum
1185 1379 1366 1434 Wess.
1386 1379 1477 1434 Gr.
1497 1379 1596 1433 ZP.
1617 1385 1704 1448 21,
1720 1385 1787 1432 43
1812 1397 1892 1448 sq.
1923 1380 2108 1450 λαβὼν
2134 1379 2382 1449 μύγαλον
2411 1377 2694 1435 ἐκθέῳσον
2722 1382 2795 1449 (q.
2815 1397 2859 1436 e.
2879 1385 3061 1451 sacra)

581 1458 852 1531 πηγαίῳ
899 1457 1064 1513 ὕδατι
1109 1460 1207 1514 καὶ
1243 1460 1430 1530 λαβὼν
1474 1458 1807 1529 κανθάρους
1851 1460 2211 1527 σεληνιακοὺς
2256 1459 2360 1513 δύο
2408 1457 2690 1515 ἐκθέωσον
2740 1458 2906 1514 ὕδατι
2942 1479 3059 1514 πο-

580 1537 796 1611 ταμίῳ
860 1538 936 1592 ib.
996 1544 1090 1608 82,
1120 1544 1260 1593 2455
1292 1558 1413 1608 sqq.
1470 1537 1636 1593 ὕδατι
1680 1536 2040 1610 θαλασσίῳ
2083 1534 2295 1607 ῥαίνων
2346 1542 2500 1608 (nam
2543 1539 2685 1592 haec
2731 1542 2881 1593 certe
2931 1557 3061 1594 con-

581 1619 884 1688 iungenda,
924 1635 1267 1687 quamquam
1313 1619 1638 1687 ceteroquin
1675 1619 1832 1672 locus
1857 1620 2164 1687 ,corruptus
2192 1617 2432 1689 videtur)
2469 1617 2546 1672 ib.
2579 1624 2663 1686 75,
2694 1624 2847 1673 2158.
2906 1618 3057 1688 ὕδωρ

581 1708 826 1769 πηγαῖον
852 1698 1042 1752 Parth.
1068 1704 1186 1766 127,
1210 1705 1328 1753 246.
1360 1696 1680 1754 ἀπόκλυσον
1708 1701 1802 1769 (sc.
1826 1696 2056 1769 χάρτην)
2086 1699 2166 1761 εἰς
2192 1701 2316 1768 (em.
2341 1698 2531 1752 Parth.
2564 1702 2894 1753 αποκλυσων
2913 1718 2963 1753 ει
2982 1701 3059 1770 Ρ.)

581 1777 730 1846 ’ὕδωρ
777 1787 1077 1848 πηγαῖον
1116 1778 1228 1833 ἀπὸ
1267 1777 1324 1843 ζ’
1366 1781 1424 1848 (Ξ)
1469 1787 1690 1849 πηγῶν,
1736 1780 1834 1833 καὶ
1879 1777 1972 1833 πίε
2021 1778 2157 1832 αὐτὸ
2197 1780 2365 1848 (αυτω
2402 1780 2480 1848 p.)
2526 1777 2629 1831 ἐπὶ
2666 1776 2874 1847 ἡμέρας
2909 1778 2959 1843 ζ’
2995 1780 3059 1848 ¹(l)

582 1858 828 1928 νήστης
876 1858 1065 1912 Parth.
1102 1864 1221 1927 126,
1251 1864 1356 1911 234
1386 1876 1466 1926 sq.
1551 1858 1750 1911 Adhuc
1797 1857 2091 1911 attulimus
2138 1874 2169 1912 e
2213 1856 2445 1927 papyris
2501 1857 2738 1927 magicis
2784 1858 3060 1913 eiusmodi

580 1938 750 2005 locos,
788 1937 994 2005 quibus
1032 1937 1356 1992 unctionem
1393 1937 1485 1992 vel
1521 1937 1865 1992 lavationem
1901 1937 1962 1991 in
1997 1937 2164 1991 rebus
2202 1936 2453 2006 mysticis
2502 1954 2748 1991 seorsum
2786 1938 3060 1993 usitatam

580 2017 752 2071 fuisse
809 2017 1207 2072 declararetur.
1291 2017 1504 2071 Tamen
1559 2018 1943 2086 quaerendum
1992 2019 2080 2070 est
2095 2060 2108 2083 ,
2162 2035 2299 2070 num
2352 2033 2519 2086 quem
2573 2018 2759 2071 locum
2812 2017 3056 2087 reperire

579 2097 872 2167 possimus,
909 2097 1010 2151 ubi
1047 2096 1308 2151 similiter
1343 2099 1515 2166 atque
1551 2097 1611 2150 in
1647 2097 1853 2151 ritibus
1882 2098 2035 2168 apud
2062 2096 2443 2166 Trophonium
2474 2097 2835 2151 observandis
2864 2097 3056 2152 unctio

582 2196 710 2231 cum
760 2177 1046 2232 lavatione
1093 2176 1393 2232 coniuncta
1441 2177 1531 2232 sit.
1607 2178 1688 2231 Ac
1733 2177 1986 2248 profecto
2037 2177 2273 2246 praebet
2316 2175 2481 2230 nobis
2517 2194 2764 2247 papyrus
2801 2177 3058 2231 Parisina

582 2256 826 2325 aliquid,
874 2258 1027 2326 quod
1073 2257 1313 2312 conferri
1359 2274 1524 2328 posse
1568 2257 1708 2310 mihi
1748 2257 1991 2313 videtur.
2066 2257 2143 2311 Ut
2186 2255 2387 2312 melius
2435 2257 2681 2326 eluceat,
2736 2275 2849 2327 qua
2893 2258 2954 2311 in
2999 2274 3058 2311 re

583 2336 967 2405 consentiant,
1014 2337 1356 2391 Pausaniam
1407 2354 1630 2406 quoque
1669 2337 1925 2392 describo
1962 2336 2060 2407 (IX
2088 2341 2174 2404 39,
2205 2339 2284 2407 7):
2332 2346 2524 2404 πρῶτα
2561 2336 2662 2406 μὲν
2700 2337 2761 2393 ἐν
2795 2346 2863 2409 τῇ
2900 2338 3058 2393 νυκτὶ

582 2418 755 2472 αὐτὸν
792 2416 1025 2486 ἄγουσιν
1065 2417 1156 2472 ἐπὶ
1184 2417 1284 2473 τὸν
1320 2417 1629 2486 ποταμὸν
1656 2417 1759 2487 τὴν
1773 2413 2089 2486 ’“Ἐρκυναν,
2117 2413 2423 2486 ἀγαγόντες
2449 2416 2513 2471 δὲ
2552 2415 2750 2491 ἐλαίῳ
2787 2421 3059 2488 χρίουσι

581 2498 677 2552 καὶ
724 2496 948 2552 λούουσι
996 2497 1101 2553 δύο
1149 2500 1351 2560 παῖδες
1395 2500 1508 2552 κτλ.
1582 2497 1751 2567 Apud
1795 2498 1976 2552 Wess,
2016 2496 2108 2552 Gr,
2148 2497 2247 2550 ZP.
2284 2503 2412 2564 102,
2450 2503 2589 2550 3246
2628 2515 2746 2567 sqq.
2794 2498 3060 2568 leguntur

585 2577 751 2632 haec:
789 2575 1041 2648 ποίησις·
1071 2577 1432 2646 καθαρεύσας
1467 2577 1542 2641 ὡς
1572 2577 1780 2647 ἔμαθες
1815 2579 1912 2631 καὶ
1938 2577 2123 2649 λαβὼν
2150 2575 2420 2645 ποτήριον
2456 2575 2691 2648 χαλκέον
2710 2576 2933 2649 γράψον
2962 2577 3060 2631 διὰ

582 2655 1023 2726 ζιυυρνομέλανος
1067 2657 1170 2727 τὴν
1224 2656 1725 2728 προγεγραμμένην
1770 2657 1972 2727 στήλην
2028 2655 2521 2729 ἐπι[κ]αλουμένην
2559 2656 2908 2728 Ἀφροδίτην
2961 2659 3057 2712 καὶ

580 2746 818 2808 χρῖσαι
873 2734 1076 2808 ἐλαίῳ
1138 2738 1473 2808 ἀ..αστικῷ
1528 2739 1626 2791 καὶ
1675 2735 1841 2791 ὕδατι
1899 2735 2204 2809 ποταμίῳ
2260 2741 2499 2809 καθαρῷ
2544 2741 2654 2793 κτλ.
2712 2747 2897 2807 χρῖσαι
2943 2737 3054 2791 iam

580 2818 760 2871 Wess.
800 2815 1108 2885 intellexit3
1145 2815 1391 2871 traditur
1426 2833 1642 2886 χρησαι.
1702 2815 1912 2881 Quodsi
1959 2815 2323 2882 dubitaveris,
2362 2832 2435 2869 an
2462 2816 2691 2870 verbum
2717 2814 2896 2887 χρίειν
2933 2834 3060 2870 cum

585 2896 796 2965 ‘aqua'
849 2895 1114 2966 coniungi
1158 2895 1364 2965 possit,
1411 2895 1554 2950 alios
1600 2896 1709 2950 tibi
1754 2896 1908 2950 locos
1955 2896 2095 2949 duos
2133 2895 2500 2963 admoverim,
2552 2894 2756 2965 quibus
2793 2895 2886 2950 hic
2925 2914 3057 2950 usus

582 2992 849 3063 loquendi
904 2993 1254 3050 stabiliatur:
1291 2994 1481 3063 ,Wess.
1520 2994 1613 3050 Gr.
1653 2994 1753 3050 ZP.
1786 2999 1920 3062 104,
1960 2998 2027 3048 65
2058 3011 2168 3061 sq.:
2218 2992 2471 3064 ἔγχρισον
2515 2996 2600 3063 (εν
2644 2971 2693 3050 >fi
2728 2996 2806 3064 p.)
2851 2993 2914 3049 δὲ
2959 2994 3060 3050 τὸν

582 3075 769 3140 δεξιὸν
807 3073 1110 3143 ὀφθαλμὸν
1146 3072 1280 3144 μεθ’
1323 3072 1544 3138 ὕδατος.
1619 3073 1876 3128 Alterum
1912 3073 2198 3128 Dieterich
2225 3074 2425 3143 Papyr.
2456 3091 2603 3144 mag.
2634 3093 2688 3144 p.
2721 3080 2824 3128 815
2852 3074 2930 3127 XI
2961 3081 3056 3129 32:

584 3151 881 3225 ἐξαλείψας
939 3153 1160 3228 πηγαίῳ
1222 3152 1402 3209 ὕδατι.
1478 3154 1598 3209 Hoc
1654 3155 2045 3209 tantummodo
2101 3153 2429 3223 ambiguum
2482 3170 2587 3208 nec
2651 3154 2790 3208 satis
2846 3157 3061 3208 certum

581 3233 818 3302 videtur,
866 3236 1056 3290 utrum
1100 3244 1304 3305 χρῖσαι,
1348 3235 1528 3289 forma
1575 3234 1862 3301 medialis,
1909 3233 2197 3301 reflexive‘,
2235 3236 2299 3288 ut
2335 3233 2524 3287 dicere
2552 3234 2794 3288 solemus
2812 3277 2826 3297 ,
2864 3233 2941 3288 sit
2974 3233 3059 3287 in-

586 3314 910 3384 tellegenda
965 3331 1037 3369 an
1086 3314 1381 3384 dynamice
1397 3358 1411 3382 ,
1461 3315 1546 3368 ita
1595 3316 1660 3368 ut
1709 3314 2041 3383 *ποτήριον’
2092 3313 2445 3368 accusativus
2484 3313 2731 3383 suppleri
2783 3316 3057 3383 oporteat.

462 3413 484 3436 ο
585 3394 862 3462 Equidem
897 3393 1141 3464 priorem
1179 3394 1518 3449 sententiam
1555 3410 1755 3462 sequor
1772 3436 1785 3462 ,
1837 3396 2029 3449 tamen
2080 3394 2325 3447 concedo
2365 3393 2602 3446 alteram
2638 3409 2859 3461 quoque
2895 3410 3058 3462 posse

585 3473 826 3527 defendi.
903 3473 1014 3528 Sed
1051 3473 1441 3542 quoquomodo
1487 3490 1575 3527 res
1624 3489 1746 3527 sese
1781 3474 1987 3541 habet,
2038 3474 2145 3527 hoc
2190 3472 2419 3541 quidem
2465 3473 2651 3526 elucet
2693 3472 2923 3526 lavandi
2959 3491 3060 3527 un-

582 3552 864 3622 gendique
901 3552 1074 3607 ritum
1110 3553 1203 3606 hic
1240 3552 1360 3606 illic
1397 3553 1638 3608 eundem
1684 3570 1831 3619 esse,
1883 3553 2163 3607 lustrandi
2202 3568 2372 3606 causa
2419 3550 2637 3606 scilicet
2675 3551 3057 3608 constitutum.

583 3634 798 3700 Restat,
834 3637 902 3687 ut
939 3633 1217 3687 adiectivo
1255 3632 1343 3686 illi
1380 3635 1641 3703 corrupto
1676 3633 1765 3686 vel
1810 3632 1999 3703 potius
2035 3632 2245 3702 partim
2283 3632 2468 3686 deleto
2486 3674 2500 3699 ,
2546 3631 2699 3699 quod
2736 3629 2899 3704 ἐλαίῳ
2937 3633 3060 3686 voci

585 3712 921 3780 adnectitur,
959 3712 1175 3781 aliquid
1222 3713 1475 3767 medelae
1525 3712 1729 3767 afferre
1776 3729 2054 3766 conemur.
2128 3713 2346 3766 Desunt
2390 3711 2616 3766 litterae
2654 3712 2797 3765 duae
2836 3712 3060 3780 punctis

585 3793 802 3846 duobus
839 3810 874 3846 a
911 3793 1202 3862 Wesselyo
1240 3795 1489 3847 notatae.
1564 3785 1923 3846 Adiectivum
1958 3792 2102 3846 iHud
2139 3792 2214 3846 ad
2252 3789 2414 3865 ἐλαίῳ
2451 3791 2734 3861 pertinere
2770 3793 2837 3845 ut
2869 3792 3059 3856 termi-

583 3872 814 3927 natione
853 3877 954 3945 ικῷ
993 3873 1311 3927 declaratur
1347 3873 1430 3926 ita
1466 3875 1763 3942 propterea
1801 3889 2024 3941 quoque
2051 3873 2341 3942 probatur,
2378 3872 2530 3940 quod
2558 3887 2796 3939 sequens
2829 3869 3055 3927 ‘ddum’

585 3953 783 4006 eodem
818 3953 985 4006 modo
1023 3952 1276 4022 epitheto
1321 3951 1641 4022 praeditum
1688 3955 1791 4008 est.
1867 3953 2251 4022 Supplendum
2298 3954 2385 4006 est
2430 3950 2817 4023 ἀ[σπ]αστικῷ.
2892 3952 3061 4007 Cuius

579 4033 730 4086 vocis
769 4032 1108 4103 significatio
1147 4035 1236 4102 (=
1275 4033 1640 4103 salutatorus)
1700 4032 1883 4102 magis
1914 4031 2161 4086 dilucide
2201 4031 2516 4101 apparebit,
2555 4030 2603 4085 si
2632 4047 2700 4085 ex
2728 4032 2926 4087 eadem
2961 4050 3060 4103 pa-

584 4130 723 4182 pyro
762 4112 1020 4167 Parisina
1057 4114 1299 4167 alterum
1333 4111 1728 4183 protulerimus
1774 4113 1974 4166 locum.
2030 4111 2301 4181 Inspicias
2339 4111 2518 4166 WesS.
2542 4117 2629 4179 36,
2642 4117 2760 4166 688.
2835 4112 3059 4180 Versus,

584 4192 682 4260 qui
720 4193 1077 4261 antecedunt,
1116 4193 1440 4247 describunt
1478 4191 1570 4246 dei
1607 4192 1899 4246 cuiusdam
1926 4191 2114 4262 (Solis)
2151 4190 2412 4244 advocati
2447 4190 2709 4246 habitum
2745 4194 2870 4261 (635
2891 4195 3059 4263 sqq.):

586 4272 703 4345 ὄψῃ
739 4272 883 4327 θεὸν
921 4275 1190 4342 νεώτερον
1227 4275 1414 4342 εὐειδῆ
1451 4269 1820 4342 πυρινότριχα
1857 4271 1919 4326 ἐν
1964 4281 2154 4342 χιτῶνι
2190 4274 2364 4342 λευκῷ
2409 4272 2508 4325 καὶ
2552 4272 2791 4342 χλαμύδι
2827 4269 3058 4343 κοκκίνῃ

586 4352 781 4423 ἔχοντα
826 4352 1066 4421 πύρινον
1112 4352 1408 4422 στέφανον.
1483 4351 1746 4421 Sequitur
1780 4354 2171 4421 praeceptum:
2230 4349 2443 4414 εὐθέως
2488 4349 2737 4405 ἄσπασαι
2774 4351 2947 4406 αὐτὸν
2984 4355 3059 4421 τῷ

585 4428 801 4504 πυρίνῳ
839 4434 906 4502 (Ῥ)
943 4433 1352 4505 ἀσπαστικῷ.
1427 4432 1508 4486 De
1561 4448 1695 4486 voce
1746 4429 2053 4502 ‘nvolvqo’,
2100 4430 2245 4500 quae
2291 4430 2429 4498 quid
2466 4430 2679 4497 valeat,
2730 4429 2882 4484 haud
2921 4427 3057 4482 satis

444 4636 784 4691 scholiastae
839 4635 1226 4692 testimonium
1279 4636 1466 4692 Piraei
1524 4635 1970 4705 intellegendum
2025 4652 2147 4689 esse
2202 4632 2585 4704 Asclepieum,
2651 4649 2778 4685 cum
2834 4648 3054 4685 sacrum

442 4716 723 4771 urbanum
759 4718 961 4784 quarto
1000 4716 1223 4770 demum
1261 4716 1485 4771 saeculo
1522 4715 1812 4770 conditum
1848 4717 2010 4770 esset.
