3611 5264
536 350 622 413 60
1570 317 1577 322 ⁴
1768 346 1950 416 Caput
1985 347 2075 400 IV.

538 515 928 593 extrinsecus,
970 506 1400 595 responsum
1441 512 1727 594 accepit
1754 533 1892 594 per
1925 512 2289 577 somnium
2316 512 2549 575 dicente
2574 510 2696 575 sibi
2730 515 2941 575 sancto
2977 511 3144 574 viro:

545 611 625 676 ‘si
670 611 876 676 lumen
920 612 1183 692 recipere
1228 612 1568 689 desideras,
1614 611 1857 692 require
1910 611 2235 676 basilicam
2289 611 2491 674 sancti
2546 607 2862 673 Iuliani'“
2908 630 2959 672 e.
2999 630 3056 691 q.
3097 630 3144 672 s.

537 708 834 773 Alterum
891 709 967 772 de
1022 709 1242 773 virtut.
1273 731 1336 793 s.
1374 706 1639 773 Marssini
1685 707 1750 772 H
1787 708 1831 771 4
1867 707 1953 773 M.
2008 706 2079 774 G.
2125 730 2186 791 p.
2224 706 2373 790 611,
2401 705 2469 771 5:
2536 706 2828 771 Veranus
2884 706 3144 790 quidam

541 809 810 890 „positus
856 857 869 870 .
919 858 931 871 .
979 808 1065 871 ad
1098 809 1287 888 pedes
1322 808 1766 889 pretiosissimi
1811 809 2042 886 domni,
2087 827 2228 871 cum
2262 827 2378 888 per
2421 806 2691 888 quinque
2740 807 2871 871 dies
2916 805 3145 869 ibidem

535 907 758 971 iaceret
800 905 1151 984 immobilis,
1189 907 1290 970 die
1326 911 1499 971 sexta
1533 927 1789 988 sopore
1835 907 2259 989 conpr-emitur.
2297 908 2355 968 et
2398 904 2863 969 obdormiens
2907 903 3146 967 visum

538 1009 644 1069 est
685 1005 759 1082 ei,
809 1009 1127 1085 tamquam
1170 1004 1229 1070 si
1273 1004 1343 1069 in
1399 1004 1610 1069 lectulo
1664 1004 1881 1070 solitus
1932 1005 2016 1069 sit
2072 1003 2248 1068 homo
2291 1004 2451 1085 pede
2505 1004 2837 1068 extendere.
2894 1022 3144 1083 exper-

526 1104 866 1185 9efactrts
910 1108 1115 1167 autem
1159 1123 1395 1169 sanus
1440 1103 1519 1166 ab
1565 1104 1736 1168 omni
1781 1102 2091 1167 debilitate
2133 1098 2459 1167 surrexit.“

708 1198 844 1263 Iam
872 1201 1065 1283 paulo
1094 1200 1281 1283 plura
1309 1201 1651 1265 traduntur
1677 1201 1755 1264 de
1785 1222 1832 1264 s,
1861 1199 2215 1264 Maximino
2244 1198 2701 1263 Trevirensi.
2718 1196 2766 1285 ¹)
2826 1197 3143 1263 Successit

537 1296 645 1360 ille
693 1295 956 1381 Agricio
1006 1298 1072 1361 in
1128 1300 1500 1382 episcopatu
1546 1297 1908 1362 Trevirensi
1966 1297 2204 1361 electus
2260 1299 2427 1361 circa
2481 1318 2720 1361 annum
2776 1296 2933 1379 332,
2979 1297 3143 1360 vixit

534 1397 601 1458 in
648 1418 722 1459 ea
767 1396 1081 1481 dignitabe
1129 1396 1247 1459 sub
1296 1397 1567 1479 imperio
1617 1394 2022 1460 Constantini
2060 1394 2282 1480 Magni
2330 1395 2593 1478 eiusque
2631 1395 2932 1477 filiorum,
2978 1417 3144 1458 mor-

535 1497 684 1560 tuus
715 1498 812 1557 esb
849 1494 1016 1557 circa
1053 1508 1291 1558 annum
1321 1494 1451 1557 349
1492 1492 1597 1580 (cf.
1626 1491 1704 1558 A.
1744 1517 1790 1558 s.
1820 1517 1878 1577 p.
1915 1494 1995 1557 19
2019 1491 2112 1579 C).
2190 1492 2436 1577 Corpus
2474 1494 2610 1557 eius
2649 1493 2717 1557 in
2754 1495 3140 1556 monasterio

534 1592 862 1656 eonditum
928 1595 1062 1656 erat
1118 1614 1318 1676 prope
1383 1592 1606 1656 urbem
1662 1591 2103 1656 Trevirensem
2169 1592 2320 1674 siim,
2387 1591 2558 1675 quod
2625 1614 2662 1654 a
2718 1589 3139 1655 Constantino

534 1689 774 1775 Magno
823 1693 1260 1755 constructum
1317 1713 1452 1754 esse
1498 1689 1873 1754 tradebatur
1926 1694 1992 1754 et
2046 1691 2115 1754 in
2158 1689 2470 1755 honorem
2528 1712 2574 1754 s,
2620 1686 2878 1753 Ioannis
2931 1687 3142 1752 Evan-

531 1789 797 1872 gelistae
836 1788 915 1851 ab
955 1786 1218 1873 Agricio
1259 1793 1355 1853 est
1392 1792 1832 1853 consecratum
1880 1786 1986 1875 (cf.
2024 1786 2101 1852 A.
2141 1810 2187 1852 s.
2224 1811 2284 1872 p.
2319 1788 2399 1851 19
2421 1785 2522 1874 Β).
2595 1787 2808 1867 „Illud
2843 1792 3142 1868 monaste-

528 1888 697 1950 rium
731 1888 1127 1967 postmodum
1181 1887 1292 1951 sub
1337 1909 1386 1952 s.
1423 1887 1783 1951 Maximini
1835 1889 2084 1952 nomine
2137 1887 2590 1951 celeberrimum
2634 1887 2869 1950 mansit
2905 1937 2916 1948 .
2958 1936 2970 1949 .
3011 1936 3023 1948 .
3067 1907 3143 1949 ac

529 1985 855 2048 miraculis
901 1985 1203 2049 divinitus
1231 1987 1508 2066 patratis
1553 1985 1848 2051 clarumf‘
1896 1983 1979 2071 (v.
2019 1985 2130 2070 ib.3
2168 1985 2245 2049 cf.
2283 1981 2360 2049 A.
2400 2006 2446 2048 s.
2484 2007 2545 2068 p.
2582 1984 2670 2047 20
2689 1983 2765 2046 F:
2813 1988 2938 2063 „est
2969 1985 3143 2065 apud

529 2082 739 2146 urbem
801 2082 1187 2146 Trevericam
1242 2084 1314 2146 in
1367 2083 1717 2148 suburbano
1779 2105 1828 2149 s.
1891 2084 2296 2148 Maximinus
2349 2104 2614 2165 maqnus
2675 2103 2814 2147 cum
2865 2082 3140 2147 Domino

519 2179 745 2261 populi
791 2180 964 2245 iltius
1020 2182 1378 2265 advocatus,
1434 2184 1521 2246 ad
1574 2181 1750 2247 cuius
1807 2182 2163 2247 tumulum
2215 2202 2396 2263 saepe
2450 2185 2781 2246 cernuntur
2833 2180 3141 2245 miracula

521 2273 874 2363 ylariosa‘fi)

706 2374 773 2440 N
775 2379 1068 2440 arrantur
1124 2399 1268 2440 cum
1314 2375 1441 2441 alia
1484 2381 1624 2442 tum
1679 2377 1803 2442 hoc
1859 2378 1936 2442 de
1994 2376 2223 2443 Carolo
2279 2375 2579 2441 Martello
2634 2375 2973 2441 Maximini
3021 2399 3139 2460 ope

530 2477 753 2538 sanato
827 2473 1206 2538 miraculum
1282 2473 1368 2561 (p.
1436 2476 1524 2539 24
1541 2475 1603 2540 A
1623 2473 1771 2562 sq.):
1851 2478 2017 2559 „ipse
2089 2476 2393 2558 Princeps
2464 2477 2713 2558 maqnis
2783 2476 3139 2541 constrictus

525 2572 800 2655 febribus
845 2574 933 2638 ad
975 2573 1267 2638 ultimum
1298 2595 1461 2657 pene
1505 2575 1829 2641 deducitur
1883 2577 2061 2641 diem.
2120 2580 2263 2642 tunc
2314 2597 2360 2641 s.
2410 2574 2817 2640 Maximinus
2860 2575 2932 2639 in
2975 2574 3141 2639 visu

525 2692 899 2753 apparens
945 2668 1108 2757 (scil.
1158 2670 1361 2759 domi)
1407 2674 1573 2738 dixit
1613 2674 1743 2738 illi:
1791 2725 1804 2738 .
1855 2725 1867 2738 .
1917 2726 1928 2738 .
1963 2695 2151 2756 perqe
2194 2695 2377 2738 manc
2420 2676 2508 2738 ad
2550 2674 2896 2756 sepulcrum
2938 2692 3139 2736 meum

531 2770 734 2852 ibique
777 2770 1101 2835 sanaberis
1143 2772 1430 2835 continuo
1479 2823 1490 2835 .
1539 2823 1551 2835 .
1603 2823 1615 2836 .
1661 2793 1916 2853 cumque
1960 2773 2187 2836 ibidem
2242 2772 2481 2837 delatus
2529 2773 2751 2853 fuisset
2795 2767 3138 2857 (Carolus),

528 2888 786 2950 sopore
832 2871 1221 2951 depressus
1266 2869 1463 2934 vidit
1506 2859 1730 2934 iterum
1767 2870 2008 2935 beatum
2045 2870 2484 2934 Maximinum
2533 2871 2600 2933 in
2636 2871 2801 2934 visu
2844 2870 3140 2933 dicentem

527 2966 650 3029 sibi
696 3017 708 3029 .
759 3018 770 3029 .
821 3018 832 3030 .
880 2988 1132 3048 cumque
1177 2988 1220 3030 a
1263 2988 1511 3032 somno
1556 2969 1947 3047 surrexisset,
1993 2968 2228 3031 invenit
2278 2988 2342 3032 se
2377 2967 2875 3048 potentissimum
2917 2966 3141 3030 virtute

527 3066 850 3146 corpori8.“
899 3103 982 3110 —
1040 3064 1138 3128 De
1202 3066 1341 3129 viro
1408 3067 1683 3150 quodam
1743 3066 1904 3149 pede
1964 3064 2295 3128 laborante
2359 3086 2416 3127 v,
2468 3086 2527 3147 p.
2581 3062 2668 3126 30
2688 3062 2774 3126 D:
2836 3064 3139 3146 „tertiae

527 3163 773 3227 noetis
817 3163 1017 3227 medio
1067 3214 1077 3226 .
1129 3215 1141 3227 .
1190 3214 1202 3226 .
1260 3166 1622 3230 transmisso
1669 3215 1683 3228 .
1733 3216 1745 3228 .
1794 3213 1807 3227 .
1855 3164 1928 3227 in
1983 3163 2411 3227 tenuissimum
2439 3160 2763 3226 'resolutus
2806 3180 3138 3242 soporem

529 3262 617 3325 ad
661 3262 986 3339 modicum,
1032 3281 1176 3326 mox
1221 3262 1661 3328 Maximinum
1704 3263 1906 3327 videt
1942 3281 2131 3344 prope
2184 3258 2592 3324 assistere.“
2683 3258 2807 3334 Qui
2853 3258 3135 3322 remedio

529 3358 809 3423 indicato
876 3360 1243 3441 „disparuit
1319 3366 1462 3425 tunc
1514 3362 1618 3425 ille
1678 3381 1927 3426 somno
1990 3379 2099 3424 suo
2155 3357 2477 3424 exmsm‘
2523 3380 2573 3421 e.
2614 3380 2672 3442 q.
2712 3380 2760 3422 s.
2806 3394 2895 3403 -—
2951 3354 3138 3421 Alter

538 3465 760 3521 caecus
808 3479 847 3520 a
890 3456 1084 3521 Petro
1132 3458 1445 3543 apostolo,
1493 3459 1603 3542 qui
1651 3459 1859 3523 astitit
1906 3458 1965 3522 ei
1974 3508 1992 3541 ‚
2037 3457 2116 3521 ad
2163 3458 2489 3521 civitatem
2535 3455 2946 3521 Trevirorum
2992 3455 3141 3520 mis—

529 3577 636 3619 sus
695 3557 1119 3639 „inclinans
1181 3577 1252 3620 se
1314 3558 1402 3621 ad
1461 3556 1819 3622 tumulum
1876 3606 1889 3619 .
1954 3606 1965 3618 .
2027 3605 2040 3618 .
2105 3554 2330 3636 absque
2392 3575 2569 3618 mora
2622 3555 2828 3618 videre
2880 3554 3136 3617 meruit‘

524 3677 584 3736 p.
626 3653 712 3717 23
732 3652 810 3716 D.
879 3691 952 3699 —
1017 3652 1284 3718 Femina
1343 3655 1654 3738 quaedam
1710 3656 1887 3739 „ipsa
1944 3658 2150 3718 nocte
2216 3655 2463 3717 veniens
2520 3654 2607 3718 ad
2671 3657 2953 3717 sanctum
3007 3653 3138 3717 eius

523 3750 948 3833 sepulcrum
993 3757 1053 3816 et
1097 3757 1581 3833 prosternens
1642 3774 1706 3817 se
1757 3753 1831 3817 in
1893 3753 2169 3817 oratione
2231 3752 2547 3832 confestim
2610 3755 2840 3814 sanata
2883 3755 3003 3814 est“
3051 3749 3134 3813 ib.

524 3847 593 3912 F.
633 3888 716 3895 —
764 3849 946 3914 Duae
984 3849 1285 3914 mulieres
1323 3872 1362 3913 a
1398 3850 1705 3914 daemone
1741 3850 2027 3935 maligno
2068 3848 2361 3913 obsessae
2398 3849 2720 3931 „iubentur
2755 3848 2826 3912 in
2861 3854 3138 3931 cryptam

527 3952 670 4011 ante
708 3950 910 4013 sancti
944 3948 1360 4030 sepulcrum
1383 3948 1688 4031 pertrahi.
1725 3948 1835 4013 ubi
1870 3969 2008 4013 cum
2043 3949 2178 4013 sine
2205 3967 2383 4011 mora
2420 3946 3135 4024 obdormivissent,...

525 4045 882 4126 eviqilantes
910 4046 1144 4111 crudeli
1170 4048 1402 4129 hospite
1429 4045 1796 4110 cwuerunff‘
1836 4069 1896 4129 p.
1928 4045 2012 4109 26
2028 4044 2095 4109 F.
2136 4044 2213 4108 ef.
2243 4067 2303 4126 p.
2334 4044 2416 4107 27
2439 4041 2611 4127 AsB‚
2641 4043 2752 4107 ubi
2800 4044 3014 4130 agitur
3060 4044 3137 4107 de

531 4142 672 4205 viro
719 4145 762 4205 a
802 4143 1110 4207 daemone
1167 4145 1425 4209 obsesso
1435 4195 1452 4227 ‚
1509 4144 1619 4226 qui
1677 4144 1746 4208 in
1799 4143 2096 4208 monachi
2153 4141 2481 4206 cuiusdam
2537 4141 2815 4206 brachiis
2871 4142 2940 4205 in
2994 4142 3136 4224 ipso

528 4241 916 4304 monassserio
973 4241 1476 4320 „obdormiens
1520 4242 1632 4307 sub
1687 4243 1856 4324 ipsa
1911 4241 2149 4307 somni
2193 4241 2433 4322 quiete
2478 4240 2609 4304 diri
2662 4240 2988 4322 aqitatoris
3041 4240 3137 4303 in-

525 4339 881 4420 quietudine
926 4338 1219 4404 liberatus
1263 4340 1399 4404 est“.
1490 4338 1883 4405 Maximinus
1932 4340 2126 4405 etiam
2173 4342 2352 4403 extra
2399 4359 2647 4404 sacrum
2699 4361 2886 4402 suum
2931 4338 3136 4402 homi-

527 4437 718 4501 nibus
766 4438 878 4520 qui
925 4458 1072 4500 eum
1118 4437 1386 4502 adorant
1431 4442 1711 4523 apparet.
1808 4437 1915 4503 Sic
1960 4462 2020 4522 p.
2060 4436 2224 4501 24D
2272 4435 2434 4502 Ibbo
2483 4437 2742 4520 quidam
2779 4436 3132 4501 Frisiorum

525 4536 776 4619 generis
823 4535 1105 4619 procella
1150 4535 1219 4599 in
1262 4536 1423 4598 mari
1475 4539 1698 4600 exorta
1745 4558 1856 4600 sex
1892 4535 2162 4600 navibus
2202 4540 2348 4600 ante
2388 4537 2607 4601 oculos
2645 4536 2949 4600 demersis
2988 4555 3133 4599 cum

708 4741 760 4808 1)
799 4737 868 4792 ef.
897 4739 1042 4792 Acta
1078 4740 1255 4793 sanct.
1293 4736 1424 4791 mai.
1463 4739 1503 4791 t.
1535 4737 1637 4791 VH
1663 4757 1716 4808 p.
1750 4743 1976 4793 19—36.
