<?xml version="1.0" encoding="UTF-8"?>
<!DOCTYPE html PUBLIC "-//W3C//DTD XHTML 1.0 Transitional//EN"
    "http://www.w3.org/TR/xhtml1/DTD/xhtml1-transitional.dtd">
<html xmlns="http://www.w3.org/1999/xhtml" xml:lang="en" lang="en">
 <head>
  <title>
</title>
<meta http-equiv="Content-Type" content="text/html;charset=utf-8" />
  <meta name='ocr-system' content='tesseract 3.04.00' />
  <meta name='ocr-capabilities' content='ocr_page ocr_carea ocr_par ocr_line ocrx_word'/>
</head>
<body>
  <div class='ocr_page' id='page_1' title='image "./deincubationeca02deubgoog_0020.png"; bbox 0 0 3611 5264; ppageno 0'>
   <div class='ocr_carea' id='block_1_1' title="bbox 543 253 1980 347">
    <p class='ocr_par' dir='ltr' id='par_1_1' title="bbox 543 253 1980 347">
     <span class='ocr_line' id='line_1_1' title="bbox 543 253 1980 347; baseline -0.014 0"><span class='ocrx_word' id='word_1_1' title='bbox 543 253 583 347; x_wconf 69' lang='grc'>8</span> <span class='ocrx_word' id='word_1_2' title='bbox 1720 275 1904 345; x_wconf 82' lang='lat' dir='ltr'>Caput</span> <span class='ocrx_word' id='word_1_3' title='bbox 1938 275 1980 328; x_wconf 93' lang='lat' dir='ltr'>I.</span> 
     </span>
    </p>
   </div>
   <div class='ocr_carea' id='block_1_2' title="bbox 682 431 3158 1063">
    <p class='ocr_par' dir='ltr' id='par_1_2' title="bbox 682 431 3158 1063">
     <span class='ocr_line' id='line_1_2' title="bbox 689 431 3156 506; baseline -0.003 -12"><span class='ocrx_word' id='word_1_4' title='bbox 689 440 855 494; x_wconf 89' lang='lat' dir='ltr'>anim.</span> <span class='ocrx_word' id='word_1_5' title='bbox 875 440 954 493; x_wconf 90' lang='lat' dir='ltr'>IX</span> <span class='ocrx_word' id='word_1_6' title='bbox 972 445 1056 493; x_wconf 84' lang='lat'>33.</span> <span class='ocrx_word' id='word_1_7' title='bbox 1095 435 1415 493; x_wconf 75' lang='grc' dir='ltr'><strong><em>κατέκλινεν</em></strong></span> <span class='ocrx_word' id='word_1_8' title='bbox 1433 437 1526 491; x_wconf 93' lang='lat' dir='ltr'>Ar.</span> <span class='ocrx_word' id='word_1_9' title='bbox 1556 436 1722 506; x_wconf 85' lang='lat' dir='ltr'>Vesp.</span> <span class='ocrx_word' id='word_1_10' title='bbox 1757 440 1877 490; x_wconf 91' lang='grc'><strong>124.</strong></span> <span class='ocrx_word' id='word_1_11' title='bbox 1916 431 2314 501; x_wconf 79' lang='grc' dir='ltr'><strong><em>κατεκλίναμεν</em></strong></span> <span class='ocrx_word' id='word_1_12' title='bbox 2343 432 2435 486; x_wconf 91' lang='lat' dir='ltr'>Ar.</span> <span class='ocrx_word' id='word_1_13' title='bbox 2453 431 2601 486; x_wconf 85' lang='lat' dir='ltr'>Plut.</span> <span class='ocrx_word' id='word_1_14' title='bbox 2634 438 2753 487; x_wconf 85' lang='grc'><strong>662,</strong></span> <span class='ocrx_word' id='word_1_15' title='bbox 2801 431 3156 488; x_wconf 74' lang='grc' dir='ltr'><strong><em>κατακλίνειν</em></strong></span> 
     </span>
     <span class='ocr_line' id='line_1_3' title="bbox 689 509 3155 582; baseline -0.003 -10"><span class='ocrx_word' id='word_1_16' title='bbox 689 520 765 573; x_wconf 92' lang='lat' dir='ltr'>ib.</span> <span class='ocrx_word' id='word_1_17' title='bbox 796 525 916 573; x_wconf 88' lang='lat'><strong>411.</strong></span> <span class='ocrx_word' id='word_1_18' title='bbox 960 519 1027 573; x_wconf 88' lang='lat' dir='ltr'>cf.</span> <span class='ocrx_word' id='word_1_19' title='bbox 1068 514 1438 580; x_wconf 80' lang='grc' dir='ltr'><strong><em>κατακλίσεως</em></strong></span> <span class='ocrx_word' id='word_1_20' title='bbox 1481 515 1713 570; x_wconf 88' lang='lat' dir='ltr'>Aristid.</span> <span class='ocrx_word' id='word_1_21' title='bbox 1743 516 1794 568; x_wconf 93' lang='lat' dir='ltr'>H</span> <span class='ocrx_word' id='word_1_22' title='bbox 1824 520 1946 582; x_wconf 84' lang='lat'>415,</span> <span class='ocrx_word' id='word_1_23' title='bbox 1969 509 2402 575; x_wconf 84' lang='grc' dir='ltr'><strong><em>10.κατακλίσεις</em></strong></span> <span class='ocrx_word' id='word_1_24' title='bbox 2450 511 2525 565; x_wconf 91' lang='lat' dir='ltr'>id.</span> <span class='ocrx_word' id='word_1_25' title='bbox 2556 518 2678 579; x_wconf 88' lang='grc'>412,</span> <span class='ocrx_word' id='word_1_26' title='bbox 2700 518 2783 565; x_wconf 91' lang='grc'>24.</span> <span class='ocrx_word' id='word_1_27' title='bbox 2822 512 3023 567; x_wconf 89' lang='lat' dir='ltr'>Latine</span> <span class='ocrx_word' id='word_1_28' title='bbox 3050 512 3155 566; x_wconf 88' lang='lat' dir='ltr'>in-</span> 
     </span>
     <span class='ocr_line' id='line_1_4' title="bbox 687 590 3157 662; baseline -0.003 -8"><span class='ocrx_word' id='word_1_29' title='bbox 687 600 960 654; x_wconf 79' lang='lat' dir='ltr'>cubare:</span> <span class='ocrx_word' id='word_1_30' title='bbox 1000 598 1066 653; x_wconf 87' lang='lat' dir='ltr'>cf.</span> <span class='ocrx_word' id='word_1_31' title='bbox 1105 597 1342 651; x_wconf 90' lang='lat' dir='ltr'>incubat</span> <span class='ocrx_word' id='word_1_32' title='bbox 1375 596 1558 651; x_wconf 87' lang='lat' dir='ltr'>Plaut.</span> <span class='ocrx_word' id='word_1_33' title='bbox 1591 595 1805 651; x_wconf 83' lang='lat' dir='ltr'>Curcul.</span> <span class='ocrx_word' id='word_1_34' title='bbox 1838 600 1923 650; x_wconf 90' lang='grc'>61.</span> <span class='ocrx_word' id='word_1_35' title='bbox 1962 594 2109 648; x_wconf 83' lang='lat' dir='ltr'>Serv,</span> <span class='ocrx_word' id='word_1_36' title='bbox 2151 591 2224 646; x_wconf 89' lang='lat' dir='ltr'>ad</span> <span class='ocrx_word' id='word_1_37' title='bbox 2260 591 2428 662; x_wconf 85' lang='lat' dir='ltr'>Verg.</span> <span class='ocrx_word' id='word_1_38' title='bbox 2467 592 2603 646; x_wconf 88' lang='lat' dir='ltr'>Aen.</span> <span class='ocrx_word' id='word_1_39' title='bbox 2644 590 2745 645; x_wconf 89' lang='lat' dir='ltr'>VII</span> <span class='ocrx_word' id='word_1_40' title='bbox 2774 598 2857 647; x_wconf 83' lang='lat'>88.</span> <span class='ocrx_word' id='word_1_41' title='bbox 2897 590 3157 647; x_wconf 88' lang='lat' dir='ltr'>incubuit</span> 
     </span>
     <span class='ocr_line' id='line_1_5' title="bbox 686 671 3152 749; baseline -0.002 -16"><span class='ocrx_word' id='word_1_42' title='bbox 686 679 854 749; x_wconf 85' lang='lat' dir='ltr'>Verg.</span> <span class='ocrx_word' id='word_1_43' title='bbox 894 679 1031 733; x_wconf 90' lang='lat' dir='ltr'>Aen.</span> <span class='ocrx_word' id='word_1_44' title='bbox 1069 678 1172 732; x_wconf 87' lang='lat' dir='ltr'>VH</span> <span class='ocrx_word' id='word_1_45' title='bbox 1214 682 1299 732; x_wconf 88' lang='lat'>88.</span> <span class='ocrx_word' id='word_1_46' title='bbox 1362 675 1548 731; x_wconf 84' lang='lat' dir='ltr'>Valer.</span> <span class='ocrx_word' id='word_1_47' title='bbox 1595 674 1826 729; x_wconf 83' lang='lat' dir='ltr'><strong>Maxim.</strong></span> <span class='ocrx_word' id='word_1_48' title='bbox 1864 673 1993 727; x_wconf 89' lang='lat' dir='ltr'><strong>VIII</strong></span> <span class='ocrx_word' id='word_1_49' title='bbox 2032 679 2098 726; x_wconf 84' lang='lat'>15</span> <span class='ocrx_word' id='word_1_50' title='bbox 2163 674 2372 726; x_wconf 84' lang='lat' dir='ltr'>extem.</span> <span class='ocrx_word' id='word_1_51' title='bbox 2422 678 2470 725; x_wconf 91' lang='lat'>3.</span> <span class='ocrx_word' id='word_1_52' title='bbox 2520 671 2823 727; x_wconf 82' lang='lat' dir='ltr'>incubuere</span> <span class='ocrx_word' id='word_1_53' title='bbox 2888 672 3152 742; x_wconf 90' lang='lat' dir='ltr'>Pompon.</span> 
     </span>
     <span class='ocr_line' id='line_1_6' title="bbox 688 750 3153 825; baseline -0.002 -13"><span class='ocrx_word' id='word_1_54' title='bbox 688 759 841 813; x_wconf 85' lang='lat' dir='ltr'>Mela</span> <span class='ocrx_word' id='word_1_55' title='bbox 877 759 903 811; x_wconf 90' lang='grc' dir='ltr'>Ι</span> <span class='ocrx_word' id='word_1_56' title='bbox 931 764 982 825; x_wconf 87' lang='lat'>8,</span> <span class='ocrx_word' id='word_1_57' title='bbox 1001 764 1088 812; x_wconf 85' lang='lat'>46.</span> <span class='ocrx_word' id='word_1_58' title='bbox 1129 756 1464 811; x_wconf 76' lang='lat' dir='ltr'>incubantes</span> <span class='ocrx_word' id='word_1_59' title='bbox 1502 755 1672 810; x_wconf 88' lang='lat' dir='ltr'>Solin.</span> <span class='ocrx_word' id='word_1_60' title='bbox 1695 755 1798 809; x_wconf 98' lang='lat' dir='ltr'>VH</span> <span class='ocrx_word' id='word_1_61' title='bbox 1830 760 1912 809; x_wconf 92' lang='grc'>10.</span> <span class='ocrx_word' id='word_1_62' title='bbox 1960 750 2312 807; x_wconf 76' lang='lat' dir='ltr'>incubaturis</span> <span class='ocrx_word' id='word_1_63' title='bbox 2360 751 2593 806; x_wconf 89' lang='lat' dir='ltr'>Tertull.</span> <span class='ocrx_word' id='word_1_64' title='bbox 2634 751 2706 807; x_wconf 91' lang='lat' dir='ltr'>de</span> <span class='ocrx_word' id='word_1_65' title='bbox 2752 767 2838 805; x_wconf 88' lang='lat' dir='ltr'>an.</span> <span class='ocrx_word' id='word_1_66' title='bbox 2879 757 2947 806; x_wconf 89' lang='lat'>48</span> <span class='ocrx_word' id='word_1_67' title='bbox 2996 750 3153 825; x_wconf 86' lang='lat' dir='ltr'>Corp.</span> 
     </span>
     <span class='ocr_line' id='line_1_7' title="bbox 686 831 3154 907; baseline -0.003 -14"><span class='ocrx_word' id='word_1_68' title='bbox 686 837 886 907; x_wconf 86' lang='lat' dir='ltr'>Script.</span> <span class='ocrx_word' id='word_1_69' title='bbox 923 838 1072 892; x_wconf 85' lang='lat' dir='ltr'>Eccl.</span> <span class='ocrx_word' id='word_1_70' title='bbox 1112 837 1234 891; x_wconf 89' lang='lat' dir='ltr'>Lat.</span> <span class='ocrx_word' id='word_1_71' title='bbox 1271 835 1375 890; x_wconf 87' lang='lat' dir='ltr'>XX</span> <span class='ocrx_word' id='word_1_72' title='bbox 1406 840 1435 889; x_wconf 88' lang='lat'>1</span> <span class='ocrx_word' id='word_1_73' title='bbox 1464 853 1517 905; x_wconf 88' lang='lat' dir='ltr'>p.</span> <span class='ocrx_word' id='word_1_74' title='bbox 1551 840 1672 906; x_wconf 83' lang='lat'>379,</span> <span class='ocrx_word' id='word_1_75' title='bbox 1695 840 1776 889; x_wconf 89' lang='grc'><strong>15.</strong></span> <span class='ocrx_word' id='word_1_76' title='bbox 1807 833 2079 888; x_wconf 83' lang='lat' dir='ltr'>incubare</span> <span class='ocrx_word' id='word_1_77' title='bbox 2116 832 2300 887; x_wconf 90' lang='lat' dir='ltr'>Plaut.</span> <span class='ocrx_word' id='word_1_78' title='bbox 2323 831 2477 886; x_wconf 90' lang='lat' dir='ltr'>Curc.</span> <span class='ocrx_word' id='word_1_79' title='bbox 2510 837 2629 886; x_wconf 83' lang='lat'><strong>266.</strong></span> <span class='ocrx_word' id='word_1_80' title='bbox 2660 837 2780 886; x_wconf 83' lang='lat'><strong>268.</strong></span> <span class='ocrx_word' id='word_1_81' title='bbox 2832 831 2976 887; x_wconf 88' lang='lat' dir='ltr'>Serv.</span> <span class='ocrx_word' id='word_1_82' title='bbox 3016 832 3154 887; x_wconf 89' lang='lat' dir='ltr'>Aen.</span> 
     </span>
     <span class='ocr_line' id='line_1_8' title="bbox 682 910 3158 985; baseline -0.002 -13"><span class='ocrx_word' id='word_1_83' title='bbox 682 917 785 972; x_wconf 89' lang='lat' dir='ltr'>VH</span> <span class='ocrx_word' id='word_1_84' title='bbox 814 923 898 972; x_wconf 89' lang='grc'>88.</span> <span class='ocrx_word' id='word_1_85' title='bbox 936 915 1162 970; x_wconf 89' lang='lat' dir='ltr'>Hieron.</span> <span class='ocrx_word' id='word_1_86' title='bbox 1204 915 1277 970; x_wconf 89' lang='lat' dir='ltr'>ad</span> <span class='ocrx_word' id='word_1_87' title='bbox 1312 915 1421 970; x_wconf 89' lang='lat' dir='ltr'>Jes.</span> <span class='ocrx_word' id='word_1_88' title='bbox 1453 920 1592 984; x_wconf 84' lang='lat'>65,4</span> <span class='ocrx_word' id='word_1_89' title='bbox 1629 913 1823 985; x_wconf 79' lang='lat' dir='ltr'>Migne</span> <span class='ocrx_word' id='word_1_90' title='bbox 1841 912 2052 969; x_wconf 87' lang='lat' dir='ltr'>Patrol.</span> <span class='ocrx_word' id='word_1_91' title='bbox 2081 914 2202 967; x_wconf 88' lang='lat' dir='ltr'>Lat.</span> <span class='ocrx_word' id='word_1_92' title='bbox 2232 914 2273 967; x_wconf 89' lang='lat' dir='ltr'>t.</span> <span class='ocrx_word' id='word_1_93' title='bbox 2306 918 2373 968; x_wconf 86' lang='grc'>24</span> <span class='ocrx_word' id='word_1_94' title='bbox 2409 929 2462 981; x_wconf 88' lang='lat' dir='ltr'>p.</span> <span class='ocrx_word' id='word_1_95' title='bbox 2487 916 2588 966; x_wconf 84' lang='grc'>657</span> <span class='ocrx_word' id='word_1_96' title='bbox 2605 911 2669 965; x_wconf 96' lang='lat' dir='ltr'>A.</span> <span class='ocrx_word' id='word_1_97' title='bbox 2712 910 2779 966; x_wconf 89' lang='lat' dir='ltr'>cf.</span> <span class='ocrx_word' id='word_1_98' title='bbox 2803 912 3158 968; x_wconf 77' lang='lat' dir='ltr'>excubabant</span> 
     </span>
     <span class='ocr_line' id='line_1_9' title="bbox 694 995 1318 1063; baseline -0.006 -11"><span class='ocrx_word' id='word_1_99' title='bbox 694 996 802 1052; x_wconf 83' lang='lat' dir='ltr'>Cic.</span> <span class='ocrx_word' id='word_1_100' title='bbox 835 996 906 1052; x_wconf 91' lang='lat' dir='ltr'>de</span> <span class='ocrx_word' id='word_1_101' title='bbox 936 995 1044 1050; x_wconf 87' lang='lat' dir='ltr'>div.</span> <span class='ocrx_word' id='word_1_102' title='bbox 1073 995 1100 1048; x_wconf 95' lang='lat' dir='ltr'>I</span> <span class='ocrx_word' id='word_1_103' title='bbox 1126 1000 1214 1063; x_wconf 88' lang='lat'>43,</span> <span class='ocrx_word' id='word_1_104' title='bbox 1236 1001 1318 1050; x_wconf 85' lang='lat'>96.</span> 
     </span>
    </p>
   </div>
   <div class='ocr_carea' id='block_1_3' title="bbox 545 1117 3161 1403">
    <p class='ocr_par' dir='ltr' id='par_1_3' title="bbox 545 1117 3161 1403">
     <span class='ocr_line' id='line_1_10' title="bbox 725 1117 3159 1208; baseline -0.002 -21"><span class='ocrx_word' id='word_1_105' title='bbox 725 1123 866 1187; x_wconf 89' lang='lat' dir='ltr'>Hac</span> <span class='ocrx_word' id='word_1_106' title='bbox 912 1122 1116 1208; x_wconf 85' lang='lat' dir='ltr'>igitur</span> <span class='ocrx_word' id='word_1_107' title='bbox 1162 1121 1575 1187; x_wconf 85' lang='lat' dir='ltr'>incubatione</span> <span class='ocrx_word' id='word_1_108' title='bbox 1614 1120 2033 1204; x_wconf 86' lang='lat' dir='ltr'>efficiebatur,</span> <span class='ocrx_word' id='word_1_109' title='bbox 2069 1123 2146 1183; x_wconf 89' lang='lat' dir='ltr'>ut</span> <span class='ocrx_word' id='word_1_110' title='bbox 2180 1119 2474 1184; x_wconf 90' lang='lat' dir='ltr'>homines</span> <span class='ocrx_word' id='word_1_111' title='bbox 2513 1140 2656 1182; x_wconf 90' lang='lat' dir='ltr'>cum</span> <span class='ocrx_word' id='word_1_112' title='bbox 2697 1117 2795 1181; x_wconf 90' lang='lat' dir='ltr'>dis</span> <span class='ocrx_word' id='word_1_113' title='bbox 2833 1139 2948 1202; x_wconf 89' lang='lat' dir='ltr'>per</span> <span class='ocrx_word' id='word_1_114' title='bbox 2995 1140 3159 1183; x_wconf 90' lang='lat' dir='ltr'>som-</span> 
     </span>
     <span class='ocr_line' id='line_1_11' title="bbox 549 1216 3157 1307; baseline -0.002 -21"><span class='ocrx_word' id='word_1_115' title='bbox 549 1245 708 1285; x_wconf 90' lang='lat' dir='ltr'>num</span> <span class='ocrx_word' id='word_1_116' title='bbox 753 1224 1020 1307; x_wconf 80' lang='lat' dir='ltr'>possent</span> <span class='ocrx_word' id='word_1_117' title='bbox 1066 1219 1386 1306; x_wconf 79' lang='lat' dir='ltr'>congredi,</span> <span class='ocrx_word' id='word_1_118' title='bbox 1432 1218 1713 1303; x_wconf 80' lang='lat' dir='ltr'>colloqui</span> <span class='ocrx_word' id='word_1_119' title='bbox 1725 1216 1794 1305; x_wconf 82' lang='lat' dir='ltr'>l),</span> <span class='ocrx_word' id='word_1_120' title='bbox 1842 1217 2246 1302; x_wconf 84' lang='lat' dir='ltr'>quaestiones</span> <span class='ocrx_word' id='word_1_121' title='bbox 2292 1216 2604 1301; x_wconf 89' lang='lat' dir='ltr'>proferre,</span> <span class='ocrx_word' id='word_1_122' title='bbox 2649 1237 2956 1299; x_wconf 89' lang='lat' dir='ltr'>responsa</span> <span class='ocrx_word' id='word_1_123' title='bbox 3000 1218 3157 1282; x_wconf 89' lang='lat' dir='ltr'>acci-</span> 
     </span>
     <span class='ocr_line' id='line_1_12' title="bbox 545 1311 3161 1403; baseline -0.002 -20"><span class='ocrx_word' id='word_1_124' title='bbox 545 1341 712 1403; x_wconf 87' lang='lat' dir='ltr'>pere.</span> <span class='ocrx_word' id='word_1_125' title='bbox 804 1317 880 1383; x_wconf 92' lang='lat' dir='ltr'>Id</span> <span class='ocrx_word' id='word_1_126' title='bbox 927 1319 1098 1402; x_wconf 90' lang='lat' dir='ltr'>quod</span> <span class='ocrx_word' id='word_1_127' title='bbox 1146 1318 1557 1402; x_wconf 85' lang='lat' dir='ltr'>exprimitur,</span> <span class='ocrx_word' id='word_1_128' title='bbox 1605 1339 1751 1382; x_wconf 91' lang='lat' dir='ltr'>cum</span> <span class='ocrx_word' id='word_1_129' title='bbox 1799 1314 2025 1380; x_wconf 85' lang='lat' dir='ltr'>Celsus</span> <span class='ocrx_word' id='word_1_130' title='bbox 2071 1314 2242 1398; x_wconf 90' lang='lat' dir='ltr'>apud</span> <span class='ocrx_word' id='word_1_131' title='bbox 2288 1311 2464 1398; x_wconf 84' lang='lat' dir='ltr'>Orig.</span> <span class='ocrx_word' id='word_1_132' title='bbox 2502 1334 2552 1377; x_wconf 92' lang='lat' dir='ltr'>c.</span> <span class='ocrx_word' id='word_1_133' title='bbox 2594 1312 2755 1377; x_wconf 84' lang='lat' dir='ltr'>Cels.</span> <span class='ocrx_word' id='word_1_134' title='bbox 2794 1312 2921 1379; x_wconf 89' lang='lat' dir='ltr'>VH</span> <span class='ocrx_word' id='word_1_135' title='bbox 2950 1312 3034 1378; x_wconf 83' lang='lat'>35</span> <span class='ocrx_word' id='word_1_136' title='bbox 3083 1314 3161 1378; x_wconf 91' lang='lat' dir='ltr'>de</span> 
     </span>
    </p>
   </div>
   <div class='ocr_carea' id='block_1_4' title="bbox 547 1408 3182 1502">
    <p class='ocr_par' dir='ltr' id='par_1_4' title="bbox 547 1408 3182 1502">
     <span class='ocr_line' id='line_1_13' title="bbox 547 1408 3182 1502; baseline -0.001 -22"><span class='ocrx_word' id='word_1_137' title='bbox 547 1416 940 1502; x_wconf 83' lang='lat' dir='ltr'>TrophoniO,</span> <span class='ocrx_word' id='word_1_138' title='bbox 984 1414 1400 1501; x_wconf 85' lang='lat' dir='ltr'>Amphiarao,</span> <span class='ocrx_word' id='word_1_139' title='bbox 1445 1415 1672 1500; x_wconf 88' lang='lat' dir='ltr'>Mopso</span> <span class='ocrx_word' id='word_1_140' title='bbox 1721 1414 1906 1499; x_wconf 90' lang='lat' dir='ltr'>dicit,</span> <span class='ocrx_word' id='word_1_141' title='bbox 1951 1413 2053 1478; x_wconf 81' lang='grc' dir='ltr'><strong><em>ὅτι</em></strong></span> <span class='ocrx_word' id='word_1_142' title='bbox 2099 1414 2336 1489; x_wconf 78' lang='grc' dir='ltr'><strong><em>ὄψεταί</em></strong></span> <span class='ocrx_word' id='word_1_143' title='bbox 2376 1434 2475 1486; x_wconf 84' lang='grc' dir='ltr'><strong><em>τις</em></strong></span> <span class='ocrx_word' id='word_1_144' title='bbox 2530 1411 2776 1488; x_wconf 81' lang='grc' dir='ltr'><strong><em>αὐτοὺς</em></strong></span> <span class='ocrx_word' id='word_1_145' title='bbox 2822 1411 2943 1495; x_wconf 85' lang='grc' dir='ltr'>οὐχ</span> <span class='ocrx_word' id='word_1_146' title='bbox 2990 1408 3182 1490; x_wconf 76' lang='grc' dir='ltr'><strong><em>ἅπαξ</em></strong></span> 
     </span>
    </p>
   </div>
   <div class='ocr_carea' id='block_1_5' title="bbox 549 1505 3163 1793">
    <p class='ocr_par' dir='ltr' id='par_1_5' title="bbox 549 1505 3163 1793">
     <span class='ocr_line' id='line_1_14' title="bbox 549 1505 2795 1601; baseline -0.003 -22"><span class='ocrx_word' id='word_1_147' title='bbox 549 1512 1073 1601; x_wconf 82' lang='grc' dir='ltr'><strong><em>παραρρυέντας,</em></strong></span> <span class='ocrx_word' id='word_1_148' title='bbox 1121 1565 1132 1577; x_wconf 96' lang='grc'><strong>.</strong></span> <span class='ocrx_word' id='word_1_149' title='bbox 1183 1565 1195 1578; x_wconf 95' lang='grc'><strong>.</strong></span> <span class='ocrx_word' id='word_1_150' title='bbox 1245 1565 1257 1577; x_wconf 93' lang='grc'><strong>.</strong></span> <span class='ocrx_word' id='word_1_151' title='bbox 1305 1512 1444 1579; x_wconf 88' lang='grc' dir='ltr'><strong><em>ἀλλ’</em></strong></span> <span class='ocrx_word' id='word_1_152' title='bbox 1502 1510 1604 1577; x_wconf 84' lang='grc' dir='ltr'>ἀεὶ</span> <span class='ocrx_word' id='word_1_153' title='bbox 1649 1523 1790 1588; x_wconf 79' lang='grc' dir='ltr'><strong><em>τοῖς</em></strong></span> <span class='ocrx_word' id='word_1_154' title='bbox 1836 1508 2270 1594; x_wconf 84' lang='grc' dir='ltr'><strong><em>βουλομένοις</em></strong></span> <span class='ocrx_word' id='word_1_155' title='bbox 2315 1505 2795 1595; x_wconf 54' lang='grc' dir='ltr'><strong><em>ὁμιλοῦνταςῖ).</em></strong></span> 
     </span>
     <span class='ocr_line' id='line_1_15' title="bbox 724 1606 3163 1692; baseline -0.002 -16"><span class='ocrx_word' id='word_1_156' title='bbox 724 1610 1237 1676; x_wconf 87' lang='lat' dir='ltr'>Consentaneum</span> <span class='ocrx_word' id='word_1_157' title='bbox 1285 1615 1384 1676; x_wconf 89' lang='lat' dir='ltr'>est</span> <span class='ocrx_word' id='word_1_158' title='bbox 1438 1611 1540 1675; x_wconf 89' lang='lat' dir='ltr'>vel</span> <span class='ocrx_word' id='word_1_159' title='bbox 1587 1631 1694 1674; x_wconf 91' lang='lat' dir='ltr'>eos</span> <span class='ocrx_word' id='word_1_160' title='bbox 1750 1608 2063 1692; x_wconf 78' lang='lat' dir='ltr'>homineS‚</span> <span class='ocrx_word' id='word_1_161' title='bbox 2129 1608 2241 1690; x_wconf 91' lang='lat' dir='ltr'>qui</span> <span class='ocrx_word' id='word_1_162' title='bbox 2307 1606 2375 1670; x_wconf 89' lang='lat' dir='ltr'>in</span> <span class='ocrx_word' id='word_1_163' title='bbox 2438 1606 2698 1690; x_wconf 90' lang='lat' dir='ltr'>templis</span> <span class='ocrx_word' id='word_1_164' title='bbox 2754 1607 3163 1692; x_wconf 89' lang='lat' dir='ltr'>incubabant,</span> 
     </span>
     <span class='ocr_line' id='line_1_16' title="bbox 549 1703 3163 1793; baseline -0.002 -19"><span class='ocrx_word' id='word_1_165' title='bbox 549 1732 680 1775; x_wconf 91' lang='lat' dir='ltr'>non</span> <span class='ocrx_word' id='word_1_166' title='bbox 729 1730 980 1793; x_wconf 85' lang='lat' dir='ltr'>semper</span> <span class='ocrx_word' id='word_1_167' title='bbox 1026 1708 1275 1774; x_wconf 88' lang='lat' dir='ltr'>somnia</span> <span class='ocrx_word' id='word_1_168' title='bbox 1319 1706 1659 1793; x_wconf 89' lang='lat' dir='ltr'>perspicua</span> <span class='ocrx_word' id='word_1_169' title='bbox 1704 1705 2042 1790; x_wconf 86' lang='lat' dir='ltr'>accepisse,</span> <span class='ocrx_word' id='word_1_170' title='bbox 2087 1704 2265 1770; x_wconf 88' lang='lat' dir='ltr'>velut</span> <span class='ocrx_word' id='word_1_171' title='bbox 2314 1703 2754 1788; x_wconf 85' lang='lat' dir='ltr'>Cappadocem</span> <span class='ocrx_word' id='word_1_172' title='bbox 2799 1704 3004 1789; x_wconf 91' lang='lat' dir='ltr'>illum,</span> <span class='ocrx_word' id='word_1_173' title='bbox 3051 1706 3163 1788; x_wconf 92' lang='lat' dir='ltr'>qui</span> 
     </span>
    </p>
   </div>
   <div class='ocr_carea' id='block_1_6' title="bbox 551 1854 978 1863">
    <p class='ocr_par' dir='ltr' id='par_1_6' title="bbox 551 1854 978 1863">
     <span class='ocr_line' id='line_1_17' title="bbox 551 1854 978 1863; baseline 0 3401"><span class='ocrx_word' id='word_1_174' title='bbox 551 1854 978 1863; x_wconf 95' lang='lat' dir='ltr'> </span> 
     </span>
    </p>
   </div>
   <div class='ocr_carea' id='block_1_7' title="bbox 542 1934 3168 4722">
    <p class='ocr_par' dir='ltr' id='par_1_7' title="bbox 542 1934 3166 2166">
     <span class='ocr_line' id='line_1_18' title="bbox 726 1934 3166 2006; baseline 0.001 -17"><span class='ocrx_word' id='word_1_175' title='bbox 726 1938 777 2006; x_wconf 86' lang='lat'>1)</span> <span class='ocrx_word' id='word_1_176' title='bbox 816 1935 884 1990; x_wconf 87' lang='lat' dir='ltr'>cf.</span> <span class='ocrx_word' id='word_1_177' title='bbox 925 1937 994 1990; x_wconf 90' lang='lat' dir='ltr'>de</span> <span class='ocrx_word' id='word_1_178' title='bbox 1032 1935 1212 1990; x_wconf 90' lang='lat' dir='ltr'>Fauni</span> <span class='ocrx_word' id='word_1_179' title='bbox 1249 1936 1472 1990; x_wconf 83' lang='lat' dir='ltr'>oraculo</span> <span class='ocrx_word' id='word_1_180' title='bbox 1500 1936 1666 2005; x_wconf 86' lang='lat' dir='ltr'>Verg.</span> <span class='ocrx_word' id='word_1_181' title='bbox 1704 1935 1841 1990; x_wconf 91' lang='lat' dir='ltr'>Aen.</span> <span class='ocrx_word' id='word_1_182' title='bbox 1880 1935 1985 1989; x_wconf 91' lang='lat' dir='ltr'>VH</span> <span class='ocrx_word' id='word_1_183' title='bbox 2013 1941 2079 1990; x_wconf 88' lang='grc'>88</span> <span class='ocrx_word' id='word_1_184' title='bbox 2093 1953 2241 2004; x_wconf 76' lang='lat' dir='ltr'>sqq:</span> <span class='ocrx_word' id='word_1_185' title='bbox 2280 1935 2613 2002; x_wconf 79' lang='lat' dir='ltr'>„(sacerdos)</span> <span class='ocrx_word' id='word_1_186' title='bbox 2641 1934 2880 2002; x_wconf 78' lang='lat' dir='ltr'>pellibus</span> <span class='ocrx_word' id='word_1_187' title='bbox 2915 1935 3166 1991; x_wconf 75' lang='lat' dir='ltr'>incubuit</span> 
     </span>
     <span class='ocr_line' id='line_1_19' title="bbox 542 2014 3165 2087; baseline -0.001 -15"><span class='ocrx_word' id='word_1_188' title='bbox 542 2017 732 2072; x_wconf 83' lang='lat' dir='ltr'>stratis</span> <span class='ocrx_word' id='word_1_189' title='bbox 765 2032 1081 2086; x_wconf 75' lang='lat' dir='ltr'>somnosque</span> <span class='ocrx_word' id='word_1_190' title='bbox 1108 2017 1322 2085; x_wconf 78' lang='lat' dir='ltr'>petivit,</span> <span class='ocrx_word' id='word_1_191' title='bbox 1354 2018 1361 2087; x_wconf 79' lang='grc' dir='ltr'>Ι</span> <span class='ocrx_word' id='word_1_192' title='bbox 1394 2016 1567 2070; x_wconf 81' lang='lat' dir='ltr'>multa</span> <span class='ocrx_word' id='word_1_193' title='bbox 1603 2015 1778 2070; x_wconf 82' lang='lat' dir='ltr'>modis</span> <span class='ocrx_word' id='word_1_194' title='bbox 1820 2016 2121 2069; x_wconf 78' lang='lat' dir='ltr'>simulacra</span> <span class='ocrx_word' id='word_1_195' title='bbox 2155 2015 2301 2069; x_wconf 82' lang='lat' dir='ltr'>videt</span> <span class='ocrx_word' id='word_1_196' title='bbox 2334 2014 2628 2068; x_wconf 73' lang='lat' dir='ltr'>volitantia</span> <span class='ocrx_word' id='word_1_197' title='bbox 2664 2014 2821 2068; x_wconf 81' lang='lat' dir='ltr'>miris</span> <span class='ocrx_word' id='word_1_198' title='bbox 2852 2014 2859 2084; x_wconf 86' lang='grc' dir='ltr'>Ι</span> <span class='ocrx_word' id='word_1_199' title='bbox 2892 2020 2942 2069; x_wconf 82' lang='lat' dir='ltr'>et</span> <span class='ocrx_word' id='word_1_200' title='bbox 2976 2016 3165 2070; x_wconf 78' lang='lat' dir='ltr'>varias</span> 
     </span>
     <span class='ocr_line' id='line_1_20' title="bbox 545 2095 2054 2166; baseline -0.001 -17"><span class='ocrx_word' id='word_1_201' title='bbox 545 2097 707 2151; x_wconf 83' lang='lat' dir='ltr'>audit</span> <span class='ocrx_word' id='word_1_202' title='bbox 740 2113 890 2151; x_wconf 80' lang='lat' dir='ltr'>voces</span> <span class='ocrx_word' id='word_1_203' title='bbox 925 2097 1318 2166; x_wconf 78' lang='lat' dir='ltr'>fruiturque</span> <span class='ocrx_word' id='word_1_204' title='bbox 1353 2096 1575 2150; x_wconf 81' lang='lat' dir='ltr'>deorum</span> <span class='ocrx_word' id='word_1_205' title='bbox 1606 2097 1615 2164; x_wconf 84' lang='grc' dir='ltr'>Ι</span> <span class='ocrx_word' id='word_1_206' title='bbox 1646 2095 2054 2164; x_wconf 76' lang='lat' dir='ltr'>conloquio.“</span> 
     </span>
    </p>

    <p class='ocr_par' dir='ltr' id='par_1_8' title="bbox 542 2171 3168 4722">
     <span class='ocr_line' id='line_1_21' title="bbox 723 2171 3165 2245; baseline 0 -17"><span class='ocrx_word' id='word_1_207' title='bbox 723 2178 777 2245; x_wconf 85' lang='lat'>2)</span> <span class='ocrx_word' id='word_1_208' title='bbox 815 2174 1016 2229; x_wconf 90' lang='lat' dir='ltr'>Elucet</span> <span class='ocrx_word' id='word_1_209' title='bbox 1053 2191 1121 2229; x_wconf 88' lang='lat' dir='ltr'>ex</span> <span class='ocrx_word' id='word_1_210' title='bbox 1157 2174 1244 2228; x_wconf 87' lang='lat' dir='ltr'>his</span> <span class='ocrx_word' id='word_1_211' title='bbox 1283 2173 1663 2244; x_wconf 88' lang='lat' dir='ltr'>Trophonium</span> <span class='ocrx_word' id='word_1_212' title='bbox 1709 2174 1906 2228; x_wconf 91' lang='lat' dir='ltr'>eodem</span> <span class='ocrx_word' id='word_1_213' title='bbox 1950 2173 2117 2227; x_wconf 91' lang='lat' dir='ltr'>modo</span> <span class='ocrx_word' id='word_1_214' title='bbox 2153 2171 2479 2239; x_wconf 85' lang='lat' dir='ltr'>vaticinari,</span> <span class='ocrx_word' id='word_1_215' title='bbox 2517 2190 2627 2242; x_wconf 93' lang='lat' dir='ltr'>quo</span> <span class='ocrx_word' id='word_1_216' title='bbox 2664 2172 3070 2242; x_wconf 86' lang='lat' dir='ltr'>Amphiaraum</span> <span class='ocrx_word' id='word_1_217' title='bbox 3107 2177 3165 2229; x_wconf 90' lang='lat' dir='ltr'>et</span> 
     </span>
     <span class='ocr_line' id='line_1_22' title="bbox 548 2251 3165 2324; baseline 0 -17"><span class='ocrx_word' id='word_1_218' title='bbox 548 2254 828 2324; x_wconf 87' lang='lat' dir='ltr'>Mopsum,</span> <span class='ocrx_word' id='word_1_219' title='bbox 866 2255 920 2309; x_wconf 93' lang='lat' dir='ltr'>h.</span> <span class='ocrx_word' id='word_1_220' title='bbox 953 2271 1000 2310; x_wconf 91' lang='lat' dir='ltr'>e.</span> <span class='ocrx_word' id='word_1_221' title='bbox 1036 2270 1136 2324; x_wconf 91' lang='lat' dir='ltr'>per</span> <span class='ocrx_word' id='word_1_222' title='bbox 1174 2271 1444 2309; x_wconf 87' lang='lat' dir='ltr'>somnum.</span> <span class='ocrx_word' id='word_1_223' title='bbox 1502 2252 1855 2322; x_wconf 83' lang='lat' dir='ltr'>Quamquam</span> <span class='ocrx_word' id='word_1_224' title='bbox 1892 2271 2005 2308; x_wconf 94' lang='lat' dir='ltr'>non</span> <span class='ocrx_word' id='word_1_225' title='bbox 2040 2270 2312 2324; x_wconf 88' lang='lat' dir='ltr'>negamus</span> <span class='ocrx_word' id='word_1_226' title='bbox 2351 2251 2601 2320; x_wconf 86' lang='lat' dir='ltr'>aliquam</span> <span class='ocrx_word' id='word_1_227' title='bbox 2648 2254 2868 2308; x_wconf 85' lang='lat' dir='ltr'>exstare</span> <span class='ocrx_word' id='word_1_228' title='bbox 2906 2253 3165 2308; x_wconf 88' lang='lat' dir='ltr'>differen-</span> 
     </span>
     <span class='ocr_line' id='line_1_23' title="bbox 546 2331 3163 2404; baseline 0 -18"><span class='ocrx_word' id='word_1_229' title='bbox 546 2332 704 2387; x_wconf 87' lang='lat' dir='ltr'>tiam.</span> <span class='ocrx_word' id='word_1_230' title='bbox 779 2332 927 2388; x_wconf 87' lang='lat' dir='ltr'>Nam</span> <span class='ocrx_word' id='word_1_231' title='bbox 973 2351 1101 2387; x_wconf 92' lang='lat' dir='ltr'>cum</span> <span class='ocrx_word' id='word_1_232' title='bbox 1148 2335 1298 2404; x_wconf 90' lang='lat' dir='ltr'>apud</span> <span class='ocrx_word' id='word_1_233' title='bbox 1347 2336 1561 2388; x_wconf 89' lang='lat' dir='ltr'>ceteros</span> <span class='ocrx_word' id='word_1_234' title='bbox 1613 2334 1746 2387; x_wconf 89' lang='lat' dir='ltr'>deos</span> <span class='ocrx_word' id='word_1_235' title='bbox 1791 2332 1852 2387; x_wconf 90' lang='lat' dir='ltr'>in</span> <span class='ocrx_word' id='word_1_236' title='bbox 1897 2333 2147 2403; x_wconf 89' lang='lat' dir='ltr'>ipsorum</span> <span class='ocrx_word' id='word_1_237' title='bbox 2182 2331 2410 2402; x_wconf 88' lang='lat' dir='ltr'>templis</span> <span class='ocrx_word' id='word_1_238' title='bbox 2447 2332 2799 2401; x_wconf 86' lang='lat' dir='ltr'>incubarent,</span> <span class='ocrx_word' id='word_1_239' title='bbox 2840 2334 2990 2402; x_wconf 90' lang='lat' dir='ltr'>apud</span> <span class='ocrx_word' id='word_1_240' title='bbox 3028 2333 3163 2387; x_wconf 87' lang='lat' dir='ltr'>Tro-</span> 
     </span>
     <span class='ocr_line' id='line_1_24' title="bbox 547 2411 3162 2482; baseline 0.001 -17"><span class='ocrx_word' id='word_1_241' title='bbox 547 2411 819 2482; x_wconf 89' lang='lat' dir='ltr'>phonium</span> <span class='ocrx_word' id='word_1_242' title='bbox 856 2412 917 2466; x_wconf 94' lang='lat' dir='ltr'>in</span> <span class='ocrx_word' id='word_1_243' title='bbox 954 2415 1179 2468; x_wconf 90' lang='lat' dir='ltr'>antrum</span> <span class='ocrx_word' id='word_1_244' title='bbox 1216 2415 1339 2469; x_wconf 85' lang='lat' dir='ltr'>erat</span> <span class='ocrx_word' id='word_1_245' title='bbox 1375 2412 1849 2482; x_wconf 77' lang='lat' dir='ltr'>descendendum3</span> <span class='ocrx_word' id='word_1_246' title='bbox 1889 2412 1987 2467; x_wconf 92' lang='lat' dir='ltr'>ubi</span> <span class='ocrx_word' id='word_1_247' title='bbox 2022 2415 2214 2467; x_wconf 88' lang='lat' dir='ltr'>tamen</span> <span class='ocrx_word' id='word_1_248' title='bbox 2250 2412 2542 2481; x_wconf 86' lang='grc' dir='ltr'><strong><em>πνεύματα</em></strong></span> <span class='ocrx_word' id='word_1_249' title='bbox 2570 2413 2849 2481; x_wconf 89' lang='lat' dir='ltr'>quaedam</span> <span class='ocrx_word' id='word_1_250' title='bbox 2890 2415 2958 2482; x_wconf 89' lang='lat' dir='ltr'>(v.</span> <span class='ocrx_word' id='word_1_251' title='bbox 2992 2414 3162 2468; x_wconf 91' lang='lat' dir='ltr'>schol.</span> 
     </span>
     <span class='ocr_line' id='line_1_25' title="bbox 550 2492 3160 2563; baseline 0.001 -17"><span class='ocrx_word' id='word_1_252' title='bbox 550 2493 644 2562; x_wconf 89' lang='lat' dir='ltr'>Ar.</span> <span class='ocrx_word' id='word_1_253' title='bbox 683 2492 830 2547; x_wconf 87' lang='lat' dir='ltr'><strong>Nub.</strong></span> <span class='ocrx_word' id='word_1_254' title='bbox 872 2499 975 2547; x_wconf 88' lang='grc'>508</span> <span class='ocrx_word' id='word_1_255' title='bbox 1013 2493 1053 2547; x_wconf 90' lang='grc' dir='ltr'><strong>Ι.</strong></span> <span class='ocrx_word' id='word_1_256' title='bbox 1086 2493 1256 2548; x_wconf 88' lang='lat' dir='ltr'>schol.</span> <span class='ocrx_word' id='word_1_257' title='bbox 1295 2493 1464 2547; x_wconf 82' lang='lat' dir='ltr'>Arist.</span> <span class='ocrx_word' id='word_1_258' title='bbox 1503 2493 1581 2547; x_wconf 93' lang='lat' dir='ltr'>HI</span> <span class='ocrx_word' id='word_1_259' title='bbox 1616 2511 1670 2563; x_wconf 88' lang='lat' dir='ltr'>p·</span> <span class='ocrx_word' id='word_1_260' title='bbox 1703 2497 1787 2559; x_wconf 85' lang='lat'>65,</span> <span class='ocrx_word' id='word_1_261' title='bbox 1836 2498 1904 2546; x_wconf 87' lang='lat'>30</span> <span class='ocrx_word' id='word_1_262' title='bbox 1933 2492 2098 2547; x_wconf 91' lang='lat' dir='ltr'>Dind.</span> <span class='ocrx_word' id='word_1_263' title='bbox 2129 2492 2363 2547; x_wconf 85' lang='lat' dir='ltr'>Aristot.</span> <span class='ocrx_word' id='word_1_264' title='bbox 2402 2492 2473 2547; x_wconf 92' lang='lat' dir='ltr'>de</span> <span class='ocrx_word' id='word_1_265' title='bbox 2510 2493 2719 2547; x_wconf 92' lang='lat' dir='ltr'>mundo</span> <span class='ocrx_word' id='word_1_266' title='bbox 2757 2500 2792 2547; x_wconf 88' lang='lat'>4</span> <span class='ocrx_word' id='word_1_267' title='bbox 2820 2511 2874 2563; x_wconf 90' lang='lat' dir='ltr'>p.</span> <span class='ocrx_word' id='word_1_268' title='bbox 2905 2494 3062 2546; x_wconf 66' lang='lat'><strong>3951&gt;</strong></span> <span class='ocrx_word' id='word_1_269' title='bbox 3093 2500 3160 2548; x_wconf 89' lang='grc'>26</span> 
     </span>
     <span class='ocr_line' id='line_1_26' title="bbox 547 2571 3164 2644; baseline 0.001 -18"><span class='ocrx_word' id='word_1_270' title='bbox 547 2572 723 2628; x_wconf 87' lang='lat' dir='ltr'>Bekk.</span> <span class='ocrx_word' id='word_1_271' title='bbox 755 2572 907 2627; x_wconf 84' lang='lat' dir='ltr'>Stob.</span> <span class='ocrx_word' id='word_1_272' title='bbox 938 2574 1106 2643; x_wconf 90' lang='lat' dir='ltr'>Phys.</span> <span class='ocrx_word' id='word_1_273' title='bbox 1135 2573 1162 2626; x_wconf 95' lang='lat' dir='ltr'>I</span> <span class='ocrx_word' id='word_1_274' title='bbox 1181 2579 1266 2643; x_wconf 91' lang='lat'>34,</span> <span class='ocrx_word' id='word_1_275' title='bbox 1288 2579 1318 2626; x_wconf 92' lang='grc'><strong>2</strong></span> <span class='ocrx_word' id='word_1_276' title='bbox 1348 2591 1400 2643; x_wconf 93' lang='lat' dir='ltr'><strong>p.</strong></span> <span class='ocrx_word' id='word_1_277' title='bbox 1435 2578 1535 2626; x_wconf 88' lang='lat'>185</span> <span class='ocrx_word' id='word_1_278' title='bbox 1569 2571 1762 2644; x_wconf 88' lang='lat' dir='ltr'>Mein.)</span> <span class='ocrx_word' id='word_1_279' title='bbox 1790 2572 2051 2627; x_wconf 88' lang='lat' dir='ltr'>videntur</span> <span class='ocrx_word' id='word_1_280' title='bbox 2077 2572 2331 2627; x_wconf 89' lang='lat' dir='ltr'>homines</span> <span class='ocrx_word' id='word_1_281' title='bbox 2361 2571 2637 2627; x_wconf 90' lang='lat' dir='ltr'>eiusmodi</span> <span class='ocrx_word' id='word_1_282' title='bbox 2665 2590 2858 2628; x_wconf 82' lang='lat' dir='ltr'>somno</span> <span class='ocrx_word' id='word_1_283' title='bbox 2889 2572 3164 2644; x_wconf 85' lang='lat' dir='ltr'>affecisse,</span> 
     </span>
     <span class='ocr_line' id='line_1_27' title="bbox 546 2652 3161 2724; baseline 0.001 -17"><span class='ocrx_word' id='word_1_284' title='bbox 546 2671 656 2723; x_wconf 91' lang='lat' dir='ltr'>quo</span> <span class='ocrx_word' id='word_1_285' title='bbox 710 2653 784 2707; x_wconf 88' lang='lat' dir='ltr'>ad</span> <span class='ocrx_word' id='word_1_286' title='bbox 828 2671 916 2707; x_wconf 89' lang='lat' dir='ltr'>res</span> <span class='ocrx_word' id='word_1_287' title='bbox 964 2653 1182 2707; x_wconf 87' lang='lat' dir='ltr'>divinas</span> <span class='ocrx_word' id='word_1_288' title='bbox 1219 2652 1610 2724; x_wconf 87' lang='lat' dir='ltr'>percipiendas</span> <span class='ocrx_word' id='word_1_289' title='bbox 1657 2652 1846 2707; x_wconf 90' lang='lat' dir='ltr'>idonei</span> <span class='ocrx_word' id='word_1_290' title='bbox 1892 2653 2032 2707; x_wconf 89' lang='lat' dir='ltr'>facti</span> <span class='ocrx_word' id='word_1_291' title='bbox 2078 2653 2207 2709; x_wconf 91' lang='lat' dir='ltr'>sint.</span> <span class='ocrx_word' id='word_1_292' title='bbox 2281 2654 2480 2721; x_wconf 87' lang='lat' dir='ltr'>Itaque</span> <span class='ocrx_word' id='word_1_293' title='bbox 2525 2653 2907 2709; x_wconf 85' lang='lat' dir='ltr'>Tertullianus</span> <span class='ocrx_word' id='word_1_294' title='bbox 2956 2655 3026 2709; x_wconf 92' lang='lat' dir='ltr'>de</span> <span class='ocrx_word' id='word_1_295' title='bbox 3075 2673 3161 2711; x_wconf 90' lang='lat' dir='ltr'>an.</span> 
     </span>
     <span class='ocr_line' id='line_1_28' title="bbox 543 2732 3166 2803; baseline 0 -15"><span class='ocrx_word' id='word_1_296' title='bbox 543 2740 612 2788; x_wconf 87' lang='grc'>46</span> <span class='ocrx_word' id='word_1_297' title='bbox 653 2733 707 2788; x_wconf 85' lang='lat' dir='ltr'>C.</span> <span class='ocrx_word' id='word_1_298' title='bbox 748 2732 802 2788; x_wconf 82' lang='lat' dir='ltr'>S.</span> <span class='ocrx_word' id='word_1_299' title='bbox 841 2733 903 2788; x_wconf 90' lang='lat' dir='ltr'>E.</span> <span class='ocrx_word' id='word_1_300' title='bbox 942 2733 1001 2787; x_wconf 90' lang='lat' dir='ltr'><strong>L.</strong></span> <span class='ocrx_word' id='word_1_301' title='bbox 1040 2734 1142 2787; x_wconf 88' lang='lat' dir='ltr'>XX</span> <span class='ocrx_word' id='word_1_302' title='bbox 1182 2740 1208 2788; x_wconf 93' lang='lat'><strong>1</strong></span> <span class='ocrx_word' id='word_1_303' title='bbox 1248 2753 1302 2803; x_wconf 92' lang='lat' dir='ltr'><strong>p.</strong></span> <span class='ocrx_word' id='word_1_304' title='bbox 1334 2739 1455 2803; x_wconf 83' lang='lat'>377,</span> <span class='ocrx_word' id='word_1_305' title='bbox 1503 2733 1603 2787; x_wconf 86' lang='lat' dir='ltr'>ubi</span> <span class='ocrx_word' id='word_1_306' title='bbox 1650 2734 1878 2788; x_wconf 89' lang='lat' dir='ltr'>oracula</span> <span class='ocrx_word' id='word_1_307' title='bbox 1915 2735 2223 2802; x_wconf 88' lang='lat' dir='ltr'>enumerat,</span> <span class='ocrx_word' id='word_1_308' title='bbox 2261 2732 2465 2801; x_wconf 89' lang='lat' dir='ltr'>quibus</span> <span class='ocrx_word' id='word_1_309' title='bbox 2501 2750 2602 2803; x_wconf 86' lang='lat' dir='ltr'>per</span> <span class='ocrx_word' id='word_1_310' title='bbox 2647 2750 2904 2788; x_wconf 90' lang='lat' dir='ltr'>somnum</span> <span class='ocrx_word' id='word_1_311' title='bbox 2951 2734 3166 2790; x_wconf 89' lang='lat' dir='ltr'>divina-</span> 
     </span>
     <span class='ocr_line' id='line_1_29' title="bbox 542 2812 3166 2884; baseline 0.002 -18"><span class='ocrx_word' id='word_1_312' title='bbox 542 2813 736 2882; x_wconf 90' lang='lat' dir='ltr'>batur,</span> <span class='ocrx_word' id='word_1_313' title='bbox 783 2812 1166 2883; x_wconf 84' lang='lat' dir='ltr'>Trophonium</span> <span class='ocrx_word' id='word_1_314' title='bbox 1202 2830 1423 2883; x_wconf 89' lang='lat' dir='ltr'>quoque</span> <span class='ocrx_word' id='word_1_315' title='bbox 1462 2815 1875 2868; x_wconf 89' lang='lat' dir='ltr'>commemorat.</span> <span class='ocrx_word' id='word_1_316' title='bbox 1949 2812 2219 2879; x_wconf 75' lang='lat' dir='ltr'>Boeotiis,</span> <span class='ocrx_word' id='word_1_317' title='bbox 2257 2813 2355 2881; x_wconf 91' lang='lat' dir='ltr'>qui</span> <span class='ocrx_word' id='word_1_318' title='bbox 2397 2830 2432 2866; x_wconf 91' lang='lat' dir='ltr'>a</span> <span class='ocrx_word' id='word_1_319' title='bbox 2467 2813 2779 2868; x_wconf 89' lang='lat' dir='ltr'>Thracibus</span> <span class='ocrx_word' id='word_1_320' title='bbox 2817 2814 3069 2884; x_wconf 87' lang='lat' dir='ltr'>superati</span> <span class='ocrx_word' id='word_1_321' title='bbox 3104 2815 3166 2870; x_wconf 94' lang='lat' dir='ltr'>in</span> 
     </span>
     <span class='ocr_line' id='line_1_30' title="bbox 546 2891 3166 2964; baseline 0.002 -20"><span class='ocrx_word' id='word_1_322' title='bbox 546 2893 772 2945; x_wconf 87' lang='lat' dir='ltr'>antrum</span> <span class='ocrx_word' id='word_1_323' title='bbox 829 2892 948 2946; x_wconf 89' lang='lat' dir='ltr'>eius</span> <span class='ocrx_word' id='word_1_324' title='bbox 1005 2893 1396 2963; x_wconf 89' lang='lat' dir='ltr'>confugerant,</span> <span class='ocrx_word' id='word_1_325' title='bbox 1446 2910 1549 2962; x_wconf 76' lang='lat' dir='ltr'>per</span> <span class='ocrx_word' id='word_1_326' title='bbox 1600 2893 1875 2948; x_wconf 78' lang='lat' dir='ltr'>somnium</span> <span class='ocrx_word' id='word_1_327' title='bbox 1928 2892 2027 2946; x_wconf 90' lang='lat' dir='ltr'>ille</span> <span class='ocrx_word' id='word_1_328' title='bbox 2082 2891 2390 2961; x_wconf 82' lang='lat' dir='ltr'>Dionysum</span> <span class='ocrx_word' id='word_1_329' title='bbox 2448 2892 2722 2947; x_wconf 83' lang='lat' dir='ltr'>auxilium</span> <span class='ocrx_word' id='word_1_330' title='bbox 2774 2894 3166 2964; x_wconf 88' lang='lat' dir='ltr'>praebiturum</span> 
     </span>
     <span class='ocr_line' id='line_1_31' title="bbox 545 2964 3162 3045; baseline 0.002 -21"><span class='ocrx_word' id='word_1_331' title='bbox 545 2969 843 3026; x_wconf 90' lang='lat' dir='ltr'>nuntiavit.</span> <span class='ocrx_word' id='word_1_332' title='bbox 920 2971 988 3025; x_wconf 88' lang='lat' dir='ltr'>cf.</span> <span class='ocrx_word' id='word_1_333' title='bbox 1028 2972 1189 3026; x_wconf 89' lang='lat' dir='ltr'>Phot.</span> <span class='ocrx_word' id='word_1_334' title='bbox 1230 2991 1273 3027; x_wconf 88' lang='lat' dir='ltr'>s.</span> <span class='ocrx_word' id='word_1_335' title='bbox 1311 2991 1358 3027; x_wconf 79' lang='lat' dir='ltr'>V.</span> <span class='ocrx_word' id='word_1_336' title='bbox 1400 2973 1598 3027; x_wconf 86' lang='grc' dir='ltr'><strong><em>Λύσιοι</em></strong></span> <span class='ocrx_word' id='word_1_337' title='bbox 1632 2971 1867 3028; x_wconf 84' lang='grc' dir='ltr'><strong><em>τελεταί·</em></strong></span> <span class='ocrx_word' id='word_1_338' title='bbox 1910 2973 1971 3027; x_wconf 81' lang='grc' dir='ltr'>αἱ</span> <span class='ocrx_word' id='word_1_339' title='bbox 2008 2964 2319 3027; x_wconf 89' lang='grc' dir='ltr'><strong><em>Διονύσου·</em></strong></span> <span class='ocrx_word' id='word_1_340' title='bbox 2370 2973 2607 3027; x_wconf 79' lang='grc' dir='ltr'><strong><em>Βοιωτοὶ</em></strong></span> <span class='ocrx_word' id='word_1_341' title='bbox 2643 2973 2748 3045; x_wconf 83' lang='grc' dir='ltr'>γὰρ</span> <span class='ocrx_word' id='word_1_342' title='bbox 2788 2972 3015 3038; x_wconf 77' lang='grc' dir='ltr'><strong><em>ἁλόντες</em></strong></span> <span class='ocrx_word' id='word_1_343' title='bbox 3051 2976 3162 3030; x_wconf 82' lang='grc' dir='ltr'>ὑπὸ</span> 
     </span>
     <span class='ocr_line' id='line_1_32' title="bbox 550 3049 3166 3125; baseline 0.002 -21"><span class='ocrx_word' id='word_1_344' title='bbox 550 3052 790 3124; x_wconf 77' lang='grc' dir='ltr'><strong><em>Θρᾳκῶν</em></strong></span> <span class='ocrx_word' id='word_1_345' title='bbox 818 3051 915 3105; x_wconf 78' lang='grc' dir='ltr'>καὶ</span> <span class='ocrx_word' id='word_1_346' title='bbox 943 3050 1218 3121; x_wconf 87' lang='grc' dir='ltr'><strong><em>φυγόντες</em></strong></span> <span class='ocrx_word' id='word_1_347' title='bbox 1244 3052 1324 3115; x_wconf 85' lang='grc' dir='ltr'>εἰς</span> <span class='ocrx_word' id='word_1_348' title='bbox 1358 3050 1713 3121; x_wconf 79' lang='grc' dir='ltr'><strong><em>Τροφωνίου,</em></strong></span> <span class='ocrx_word' id='word_1_349' title='bbox 1743 3050 1890 3106; x_wconf 83' lang='grc' dir='ltr'><strong><em>κατ’</em></strong></span> <span class='ocrx_word' id='word_1_350' title='bbox 1923 3051 2088 3119; x_wconf 79' lang='grc' dir='ltr'><strong><em>ὄναρ</em></strong></span> <span class='ocrx_word' id='word_1_351' title='bbox 2119 3049 2337 3106; x_wconf 77' lang='grc' dir='ltr'><strong><em>ἐκείνου</em></strong></span> <span class='ocrx_word' id='word_1_352' title='bbox 2377 3050 2657 3108; x_wconf 89' lang='grc' dir='ltr'><strong><em>Διόνυσον</em></strong></span> <span class='ocrx_word' id='word_1_353' title='bbox 2688 3053 2916 3108; x_wconf 78' lang='grc' dir='ltr'><strong><em>ἔσεσθαι</em></strong></span> <span class='ocrx_word' id='word_1_354' title='bbox 2944 3055 3166 3125; x_wconf 81' lang='grc' dir='ltr'><strong><em>βοηθὸν</em></strong></span> 
     </span>
     <span class='ocr_line' id='line_1_33' title="bbox 550 3128 3162 3207; baseline 0.002 -24"><span class='ocrx_word' id='word_1_355' title='bbox 550 3128 849 3198; x_wconf 86' lang='grc' dir='ltr'><strong><em>φήσαντος,</em></strong></span> <span class='ocrx_word' id='word_1_356' title='bbox 879 3131 1188 3198; x_wconf 79' lang='grc' dir='ltr'><strong><em>μεθύουσιν</em></strong></span> <span class='ocrx_word' id='word_1_357' title='bbox 1216 3130 1543 3200; x_wconf 76' lang='grc' dir='ltr'><strong><em>ἐπιθέμενοι</em></strong></span> <span class='ocrx_word' id='word_1_358' title='bbox 1568 3140 1686 3194; x_wconf 85' lang='grc' dir='ltr'><strong><em>τοῖς</em></strong></span> <span class='ocrx_word' id='word_1_359' title='bbox 1718 3133 1930 3207; x_wconf 77' lang='grc' dir='ltr'><strong><em>Θρᾳξὶν</em></strong></span> <span class='ocrx_word' id='word_1_360' title='bbox 1960 3131 2158 3186; x_wconf 80' lang='grc' dir='ltr'><strong><em>ἔλυσαν</em></strong></span> <span class='ocrx_word' id='word_1_361' title='bbox 2187 3130 2467 3197; x_wconf 82' lang='grc' dir='ltr'><strong><em>ἀλλήλους.</em></strong></span> <span class='ocrx_word' id='word_1_362' title='bbox 2526 3131 2594 3186; x_wconf 87' lang='lat' dir='ltr'>cf.</span> <span class='ocrx_word' id='word_1_363' title='bbox 2620 3132 2771 3188; x_wconf 86' lang='lat' dir='ltr'>Suid.</span> <span class='ocrx_word' id='word_1_364' title='bbox 2804 3151 2846 3188; x_wconf 80' lang='lat' dir='ltr'>s,</span> <span class='ocrx_word' id='word_1_365' title='bbox 2869 3152 2916 3188; x_wconf 88' lang='lat' dir='ltr'>v.</span> <span class='ocrx_word' id='word_1_366' title='bbox 2949 3135 3162 3189; x_wconf 89' lang='lat' dir='ltr'>eadem.</span> 
     </span>
     <span class='ocr_line' id='line_1_34' title="bbox 547 3209 3162 3282; baseline 0.003 -21"><span class='ocrx_word' id='word_1_367' title='bbox 547 3209 797 3278; x_wconf 90' lang='lat' dir='ltr'>Apostol.</span> <span class='ocrx_word' id='word_1_368' title='bbox 837 3210 888 3262; x_wconf 91' lang='lat' dir='ltr'>X</span> <span class='ocrx_word' id='word_1_369' title='bbox 919 3215 985 3264; x_wconf 87' lang='grc'>99</span> <span class='ocrx_word' id='word_1_370' title='bbox 1024 3210 1293 3281; x_wconf 90' lang='lat' dir='ltr'>(Paroem.</span> <span class='ocrx_word' id='word_1_371' title='bbox 1324 3211 1377 3264; x_wconf 90' lang='lat' dir='ltr'>H</span> <span class='ocrx_word' id='word_1_372' title='bbox 1405 3214 1546 3282; x_wconf 85' lang='lat'><strong>513).</strong></span> <span class='ocrx_word' id='word_1_373' title='bbox 1593 3211 1863 3265; x_wconf 90' lang='lat' dir='ltr'>Arsenius</span> <span class='ocrx_word' id='word_1_374' title='bbox 1908 3211 2055 3265; x_wconf 92' lang='lat' dir='ltr'>Viol.</span> <span class='ocrx_word' id='word_1_375' title='bbox 2094 3230 2147 3280; x_wconf 92' lang='lat' dir='ltr'><strong>p.</strong></span> <span class='ocrx_word' id='word_1_376' title='bbox 2180 3215 2284 3264; x_wconf 89' lang='grc'>340</span> <span class='ocrx_word' id='word_1_377' title='bbox 2330 3210 2510 3267; x_wconf 89' lang='lat' dir='ltr'>Walz.</span> <span class='ocrx_word' id='word_1_378' title='bbox 2549 3212 2769 3281; x_wconf 78' lang='grc' dir='ltr'><strong><em>(Λύσιοι</em></strong></span> <span class='ocrx_word' id='word_1_379' title='bbox 2814 3214 3027 3268; x_wconf 84' lang='grc' dir='ltr'><strong><em>τελεταὶ</em></strong></span> <span class='ocrx_word' id='word_1_380' title='bbox 3064 3215 3162 3269; x_wconf 80' lang='grc' dir='ltr'>καὶ</span> 
     </span>
     <span class='ocr_line' id='line_1_35' title="bbox 546 3288 3164 3361; baseline 0.003 -21"><span class='ocrx_word' id='word_1_381' title='bbox 546 3288 722 3343; x_wconf 88' lang='grc' dir='ltr'><strong><em>λύσαν</em></strong></span> <span class='ocrx_word' id='word_1_382' title='bbox 749 3288 1016 3356; x_wconf 81' lang='grc' dir='ltr'><strong><em>ἀλλήλους</em></strong></span> <span class='ocrx_word' id='word_1_383' title='bbox 1041 3292 1317 3360; x_wconf 88' lang='lat' dir='ltr'>praebent</span> <span class='ocrx_word' id='word_1_384' title='bbox 1334 3291 1439 3361; x_wconf 91' lang='lat' dir='ltr'>Ap.</span> <span class='ocrx_word' id='word_1_385' title='bbox 1459 3291 1581 3345; x_wconf 90' lang='lat' dir='ltr'>Ars.</span> <span class='ocrx_word' id='word_1_386' title='bbox 1602 3290 1660 3345; x_wconf 91' lang='grc'><strong>11.</strong></span> <span class='ocrx_word' id='word_1_387' title='bbox 1680 3309 1757 3345; x_wconf 93' lang='lat' dir='ltr'><strong>cc.</strong></span> <span class='ocrx_word' id='word_1_388' title='bbox 1782 3290 1995 3345; x_wconf 87' lang='lat' dir='ltr'>Ultima</span> <span class='ocrx_word' id='word_1_389' title='bbox 2028 3290 2200 3345; x_wconf 89' lang='lat' dir='ltr'>verba</span> <span class='ocrx_word' id='word_1_390' title='bbox 2238 3307 2269 3345; x_wconf 92' lang='lat' dir='ltr'>e</span> <span class='ocrx_word' id='word_1_391' title='bbox 2307 3292 2572 3346; x_wconf 86' lang='lat' dir='ltr'>contextu</span> <span class='ocrx_word' id='word_1_392' title='bbox 2599 3291 2662 3345; x_wconf 93' lang='lat' dir='ltr'>in</span> <span class='ocrx_word' id='word_1_393' title='bbox 2697 3292 2929 3347; x_wconf 89' lang='lat' dir='ltr'>titulum</span> <span class='ocrx_word' id='word_1_394' title='bbox 2967 3293 3164 3348; x_wconf 89' lang='lat' dir='ltr'>ablata</span> 
     </span>
     <span class='ocr_line' id='line_1_36' title="bbox 547 3368 3165 3443; baseline 0.003 -24"><span class='ocrx_word' id='word_1_395' title='bbox 547 3370 705 3436; x_wconf 88' lang='lat' dir='ltr'>sunt;</span> <span class='ocrx_word' id='word_1_396' title='bbox 753 3386 802 3422; x_wconf 80' lang='lat' dir='ltr'>v,</span> <span class='ocrx_word' id='word_1_397' title='bbox 858 3368 1101 3423; x_wconf 88' lang='lat' dir='ltr'>Leutsch</span> <span class='ocrx_word' id='word_1_398' title='bbox 1140 3371 1212 3424; x_wconf 90' lang='lat' dir='ltr'>ad</span> <span class='ocrx_word' id='word_1_399' title='bbox 1249 3371 1353 3440; x_wconf 89' lang='lat' dir='ltr'>Ap.</span> <span class='ocrx_word' id='word_1_400' title='bbox 1400 3372 1507 3425; x_wconf 91' lang='lat' dir='ltr'>Pro</span> <span class='ocrx_word' id='word_1_401' title='bbox 1555 3370 1754 3427; x_wconf 74' lang='grc' dir='ltr'><strong><em>ἔλυσαν</em></strong></span> <span class='ocrx_word' id='word_1_402' title='bbox 1810 3370 2077 3438; x_wconf 82' lang='grc' dir='ltr'><strong><em>ἀλλήλους</em></strong></span> <span class='ocrx_word' id='word_1_403' title='bbox 2131 3370 2398 3425; x_wconf 88' lang='lat' dir='ltr'>Arsenius</span> <span class='ocrx_word' id='word_1_404' title='bbox 2446 3371 2678 3427; x_wconf 83' lang='lat' dir='ltr'>exhibet</span> <span class='ocrx_word' id='word_1_405' title='bbox 2722 3373 2819 3427; x_wconf 86' lang='grc' dir='ltr'>καὶ</span> <span class='ocrx_word' id='word_1_406' title='bbox 2864 3372 3165 3443; x_wconf 76' lang='grc' dir='ltr'><strong><em>ἐλύθησαν,</em></strong></span> 
     </span>
     <span class='ocr_line' id='line_1_37' title="bbox 549 3445 3163 3523; baseline 0.003 -24"><span class='ocrx_word' id='word_1_407' title='bbox 549 3445 801 3516; x_wconf 91' lang='lat' dir='ltr'>Apostol.</span> <span class='ocrx_word' id='word_1_408' title='bbox 841 3449 938 3503; x_wconf 78' lang='grc' dir='ltr'>καὶ</span> <span class='ocrx_word' id='word_1_409' title='bbox 974 3450 1335 3520; x_wconf 87' lang='grc' dir='ltr'><strong><em>διελύθησαν.</em></strong></span> <span class='ocrx_word' id='word_1_410' title='bbox 1397 3451 1536 3505; x_wconf 66' lang='lat' dir='ltr'>‘uoci&#39;</span> <span class='ocrx_word' id='word_1_411' title='bbox 1585 3450 1730 3504; x_wconf 88' lang='lat' dir='ltr'>illud</span> <span class='ocrx_word' id='word_1_412' title='bbox 1775 3450 2019 3521; x_wconf 90' lang='lat' dir='ltr'>irrepsit,</span> <span class='ocrx_word' id='word_1_413' title='bbox 2058 3450 2193 3519; x_wconf 89' lang='lat' dir='ltr'>quia</span> <span class='ocrx_word' id='word_1_414' title='bbox 2229 3451 2538 3520; x_wconf 79' lang='grc' dir='ltr'><strong><em>μεθύουσιν</em></strong></span> <span class='ocrx_word' id='word_1_415' title='bbox 2573 3458 2625 3507; x_wconf 81' lang='grc'><strong>3.</strong></span> <span class='ocrx_word' id='word_1_416' title='bbox 2656 3452 2798 3521; x_wconf 90' lang='lat' dir='ltr'>plur.</span> <span class='ocrx_word' id='word_1_417' title='bbox 2829 3452 2943 3507; x_wconf 90' lang='lat' dir='ltr'>ind.</span> <span class='ocrx_word' id='word_1_418' title='bbox 2983 3471 3163 3523; x_wconf 89' lang='lat' dir='ltr'>praes.</span> 
     </span>
     <span class='ocr_line' id='line_1_38' title="bbox 549 3526 3167 3601; baseline 0.003 -21"><span class='ocrx_word' id='word_1_419' title='bbox 549 3542 671 3580; x_wconf 89' lang='lat' dir='ltr'>esse</span> <span class='ocrx_word' id='word_1_420' title='bbox 706 3526 1015 3598; x_wconf 89' lang='lat' dir='ltr'>putabant,</span> <span class='ocrx_word' id='word_1_421' title='bbox 1053 3529 1385 3600; x_wconf 89' lang='lat' dir='ltr'>praesertim</span> <span class='ocrx_word' id='word_1_422' title='bbox 1424 3549 1550 3586; x_wconf 91' lang='lat' dir='ltr'>cum</span> <span class='ocrx_word' id='word_1_423' title='bbox 1585 3529 1845 3600; x_wconf 82' lang='lat' dir='ltr'>Dionysii</span> <span class='ocrx_word' id='word_1_424' title='bbox 1894 3529 2165 3585; x_wconf 90' lang='lat' dir='ltr'>auxilium</span> <span class='ocrx_word' id='word_1_425' title='bbox 2202 3530 2485 3585; x_wconf 89' lang='lat' dir='ltr'>efficacius</span> <span class='ocrx_word' id='word_1_426' title='bbox 2522 3530 2820 3601; x_wconf 89' lang='lat' dir='ltr'>videretur,</span> <span class='ocrx_word' id='word_1_427' title='bbox 2860 3532 2908 3585; x_wconf 91' lang='lat' dir='ltr'>si</span> <span class='ocrx_word' id='word_1_428' title='bbox 2945 3534 3167 3588; x_wconf 90' lang='lat' dir='ltr'>Boeotii</span> 
     </span>
     <span class='ocr_line' id='line_1_39' title="bbox 545 3605 3166 3682; baseline 0.003 -24"><span class='ocrx_word' id='word_1_429' title='bbox 545 3605 657 3675; x_wconf 90' lang='lat' dir='ltr'>ipsi</span> <span class='ocrx_word' id='word_1_430' title='bbox 707 3606 835 3662; x_wconf 90' lang='lat' dir='ltr'>vino</span> <span class='ocrx_word' id='word_1_431' title='bbox 882 3608 1104 3679; x_wconf 84' lang='lat' dir='ltr'>impleti</span> <span class='ocrx_word' id='word_1_432' title='bbox 1149 3611 1340 3665; x_wconf 88' lang='lat' dir='ltr'>hostes</span> <span class='ocrx_word' id='word_1_433' title='bbox 1386 3610 1690 3681; x_wconf 89' lang='lat' dir='ltr'>vicissent.)</span> <span class='ocrx_word' id='word_1_434' title='bbox 1765 3611 1920 3676; x_wconf 82' lang='lat' dir='ltr'>Quae</span> <span class='ocrx_word' id='word_1_435' title='bbox 1966 3610 2027 3663; x_wconf 93' lang='lat' dir='ltr'>in</span> <span class='ocrx_word' id='word_1_436' title='bbox 2064 3610 2351 3664; x_wconf 89' lang='lat' dir='ltr'>Timarchi</span> <span class='ocrx_word' id='word_1_437' title='bbox 2387 3611 2713 3665; x_wconf 90' lang='lat' dir='ltr'>narratione</span> <span class='ocrx_word' id='word_1_438' title='bbox 2749 3611 3030 3682; x_wconf 86' lang='lat' dir='ltr'>leguntur,</span> <span class='ocrx_word' id='word_1_439' title='bbox 3069 3614 3166 3681; x_wconf 88' lang='lat' dir='ltr'>qui</span> 
     </span>
     <span class='ocr_line' id='line_1_40' title="bbox 549 3686 3167 3763; baseline 0.004 -25"><span class='ocrx_word' id='word_1_440' title='bbox 549 3686 926 3756; x_wconf 89' lang='lat' dir='ltr'>Trophonium</span> <span class='ocrx_word' id='word_1_441' title='bbox 977 3690 1341 3746; x_wconf 79' lang='lat' dir='ltr'>consultavit:</span> <span class='ocrx_word' id='word_1_442' title='bbox 1408 3690 1514 3760; x_wconf 77' lang='grc' dir='ltr'>ἔφη</span> <span class='ocrx_word' id='word_1_443' title='bbox 1562 3689 1625 3746; x_wconf 79' lang='grc' dir='ltr'>δὲ</span> <span class='ocrx_word' id='word_1_444' title='bbox 1671 3691 1926 3763; x_wconf 83' lang='grc' dir='ltr'><strong><em>καταβὰς</em></strong></span> <span class='ocrx_word' id='word_1_445' title='bbox 1970 3690 2049 3753; x_wconf 88' lang='grc' dir='ltr'>εἰς</span> <span class='ocrx_word' id='word_1_446' title='bbox 2093 3689 2156 3744; x_wconf 90' lang='grc' dir='ltr'><strong><em>τὸ</em></strong></span> <span class='ocrx_word' id='word_1_447' title='bbox 2215 3699 2479 3758; x_wconf 87' lang='grc' dir='ltr'><strong><em>μαντεῖον</em></strong></span> <span class='ocrx_word' id='word_1_448' title='bbox 2522 3734 2533 3745; x_wconf 94' lang='grc'><strong>.</strong></span> <span class='ocrx_word' id='word_1_449' title='bbox 2567 3734 2577 3745; x_wconf 94' lang='grc'><strong>.</strong></span> <span class='ocrx_word' id='word_1_450' title='bbox 2611 3734 2622 3745; x_wconf 94' lang='grc'><strong>.</strong></span> <span class='ocrx_word' id='word_1_451' title='bbox 2661 3695 2941 3746; x_wconf 85' lang='grc' dir='ltr'><strong><em>κεῖσθαι</em></strong></span> <span class='ocrx_word' id='word_1_452' title='bbox 2989 3695 3167 3749; x_wconf 80' lang='grc' dir='ltr'><strong><em>πολὺν</em></strong></span> 
     </span>
     <span class='ocr_line' id='line_1_41' title="bbox 547 3764 3167 3841; baseline 0.003 -21"><span class='ocrx_word' id='word_1_453' title='bbox 547 3764 770 3835; x_wconf 83' lang='grc' dir='ltr'><strong><em>χρόνον,</em></strong></span> <span class='ocrx_word' id='word_1_454' title='bbox 828 3769 903 3822; x_wconf 83' lang='grc' dir='ltr'>ού</span> <span class='ocrx_word' id='word_1_455' title='bbox 950 3767 1098 3836; x_wconf 89' lang='grc' dir='ltr'><strong><em>μάλα</em></strong></span> <span class='ocrx_word' id='word_1_456' title='bbox 1156 3777 1564 3838; x_wconf 82' lang='grc' dir='ltr'><strong><em>συμφρονῶν</em></strong></span> <span class='ocrx_word' id='word_1_457' title='bbox 1621 3769 1868 3841; x_wconf 75' lang='grc' dir='ltr'><strong><em>ἐναργῶς</em></strong></span> <span class='ocrx_word' id='word_1_458' title='bbox 1935 3767 2051 3824; x_wconf 74' lang='grc' dir='ltr'><strong><em>εἴτ’</em></strong></span> <span class='ocrx_word' id='word_1_459' title='bbox 2106 3769 2479 3841; x_wconf 77' lang='grc' dir='ltr'><strong><em>ἐγρήγορεν</em></strong></span> <span class='ocrx_word' id='word_1_460' title='bbox 2540 3768 2657 3825; x_wconf 75' lang='grc' dir='ltr'><strong><em>εἴτ’</em></strong></span> <span class='ocrx_word' id='word_1_461' title='bbox 2712 3772 3167 3841; x_wconf 82' lang='grc' dir='ltr'><strong><em>ὠνειροπόλει</em></strong></span> 
     </span>
     <span class='ocr_line' id='line_1_42' title="bbox 552 3844 3167 3920; baseline 0.004 -24"><span class='ocrx_word' id='word_1_462' title='bbox 552 3844 721 3912; x_wconf 90' lang='lat' dir='ltr'>(Plut.</span> <span class='ocrx_word' id='word_1_463' title='bbox 760 3846 831 3901; x_wconf 90' lang='lat' dir='ltr'>de</span> <span class='ocrx_word' id='word_1_464' title='bbox 869 3863 995 3916; x_wconf 88' lang='lat' dir='ltr'>gen.</span> <span class='ocrx_word' id='word_1_465' title='bbox 1035 3847 1184 3903; x_wconf 86' lang='lat' dir='ltr'>Socr.</span> <span class='ocrx_word' id='word_1_466' title='bbox 1222 3854 1289 3903; x_wconf 90' lang='grc'>22</span> <span class='ocrx_word' id='word_1_467' title='bbox 1328 3868 1381 3919; x_wconf 93' lang='lat' dir='ltr'>p.</span> <span class='ocrx_word' id='word_1_468' title='bbox 1413 3854 1518 3904; x_wconf 88' lang='grc'>590</span> <span class='ocrx_word' id='word_1_469' title='bbox 1535 3850 1621 3920; x_wconf 90' lang='grc' dir='ltr'>Β),</span> <span class='ocrx_word' id='word_1_470' title='bbox 1658 3849 1716 3903; x_wconf 91' lang='lat' dir='ltr'>in</span> <span class='ocrx_word' id='word_1_471' title='bbox 1754 3849 2084 3905; x_wconf 88' lang='lat' dir='ltr'>memoriam</span> <span class='ocrx_word' id='word_1_472' title='bbox 2111 3852 2381 3904; x_wconf 86' lang='lat' dir='ltr'>revocant</span> <span class='ocrx_word' id='word_1_473' title='bbox 2408 3868 2578 3920; x_wconf 89' lang='lat' dir='ltr'>supra</span> <span class='ocrx_word' id='word_1_474' title='bbox 2615 3869 2650 3905; x_wconf 89' lang='lat' dir='ltr'>a</span> <span class='ocrx_word' id='word_1_475' title='bbox 2685 3852 2850 3907; x_wconf 90' lang='lat' dir='ltr'>nobis</span> <span class='ocrx_word' id='word_1_476' title='bbox 2889 3853 3167 3909; x_wconf 89' lang='lat' dir='ltr'>adnotata</span> 
     </span>
     <span class='ocr_line' id='line_1_43' title="bbox 548 3924 3164 4003; baseline 0.005 -27"><span class='ocrx_word' id='word_1_477' title='bbox 548 3924 639 3993; x_wconf 90' lang='lat' dir='ltr'><strong>(cf.</strong></span> <span class='ocrx_word' id='word_1_478' title='bbox 659 3942 711 3992; x_wconf 91' lang='lat' dir='ltr'>p.</span> <span class='ocrx_word' id='word_1_479' title='bbox 733 3927 803 3994; x_wconf 90' lang='lat'>4).</span> <span class='ocrx_word' id='word_1_480' title='bbox 870 3925 1125 3997; x_wconf 91' lang='lat' dir='ltr'>Denique</span> <span class='ocrx_word' id='word_1_481' title='bbox 1154 3927 1214 3981; x_wconf 91' lang='lat' dir='ltr'>in</span> <span class='ocrx_word' id='word_1_482' title='bbox 1240 3927 1494 3983; x_wconf 87' lang='lat' dir='ltr'>eiusdem</span> <span class='ocrx_word' id='word_1_483' title='bbox 1520 3928 1862 3984; x_wconf 85' lang='lat' dir='ltr'>narrationis</span> <span class='ocrx_word' id='word_1_484' title='bbox 1899 3930 2009 3983; x_wconf 88' lang='lat' dir='ltr'>fine</span> <span class='ocrx_word' id='word_1_485' title='bbox 2047 3929 2117 3984; x_wconf 92' lang='lat' dir='ltr'>de</span> <span class='ocrx_word' id='word_1_486' title='bbox 2147 3946 2205 3984; x_wconf 92' lang='lat' dir='ltr'>se</span> <span class='ocrx_word' id='word_1_487' title='bbox 2233 3929 2356 3999; x_wconf 91' lang='lat' dir='ltr'>ipso</span> <span class='ocrx_word' id='word_1_488' title='bbox 2386 3930 2714 3986; x_wconf 89' lang='lat' dir='ltr'>Timarchus</span> <span class='ocrx_word' id='word_1_489' title='bbox 2750 3933 2891 3987; x_wconf 90' lang='lat' dir='ltr'>haec</span> <span class='ocrx_word' id='word_1_490' title='bbox 2926 3934 3164 4003; x_wconf 87' lang='lat' dir='ltr'>profert:</span> 
     </span>
     <span class='ocr_line' id='line_1_44' title="bbox 549 4001 3168 4083; baseline 0.004 -24"><span class='ocrx_word' id='word_1_491' title='bbox 549 4001 669 4059; x_wconf 85' lang='grc' dir='ltr'><strong><em>εἶτα</em></strong></span> <span class='ocrx_word' id='word_1_492' title='bbox 706 4003 896 4073; x_wconf 78' lang='grc' dir='ltr'><strong><em>μέντοι</em></strong></span> <span class='ocrx_word' id='word_1_493' title='bbox 940 4006 1076 4074; x_wconf 81' lang='grc' dir='ltr'><strong><em>μετὰ</em></strong></span> <span class='ocrx_word' id='word_1_494' title='bbox 1122 4007 1321 4076; x_wconf 85' lang='grc' dir='ltr'><strong><em>μικρὸν</em></strong></span> <span class='ocrx_word' id='word_1_495' title='bbox 1377 4008 1691 4079; x_wconf 83' lang='grc' dir='ltr'><strong><em>ἀνενεγκὼν</em></strong></span> <span class='ocrx_word' id='word_1_496' title='bbox 1738 4009 1880 4078; x_wconf 84' lang='grc' dir='ltr'><strong><em>ὁρᾶν</em></strong></span> <span class='ocrx_word' id='word_1_497' title='bbox 1918 4010 2090 4065; x_wconf 81' lang='grc' dir='ltr'><strong><em>αὑτὸν</em></strong></span> <span class='ocrx_word' id='word_1_498' title='bbox 2128 4009 2190 4065; x_wconf 79' lang='grc' dir='ltr'>ἐν</span> <span class='ocrx_word' id='word_1_499' title='bbox 2233 4010 2568 4079; x_wconf 82' lang='grc' dir='ltr'><strong><em>Τροφωνίου</em></strong></span> <span class='ocrx_word' id='word_1_500' title='bbox 2604 4012 2760 4080; x_wconf 88' lang='grc' dir='ltr'><strong><em>παρὰ</em></strong></span> <span class='ocrx_word' id='word_1_501' title='bbox 2796 4012 2899 4082; x_wconf 87' lang='grc' dir='ltr'>τὴν</span> <span class='ocrx_word' id='word_1_502' title='bbox 2927 4013 3168 4083; x_wconf 74' lang='grc' dir='ltr'><strong><em>εἴσοδον,</em></strong></span> 
     </span>
     <span class='ocr_line' id='line_1_45' title="bbox 548 4080 3168 4164; baseline 0.005 -27"><span class='ocrx_word' id='word_1_503' title='bbox 548 4080 720 4152; x_wconf 80' lang='grc' dir='ltr'><strong><em>οὗπερ</em></strong></span> <span class='ocrx_word' id='word_1_504' title='bbox 767 4084 827 4164; x_wconf 72' lang='grc' dir='ltr'>ἐξ</span> <span class='ocrx_word' id='word_1_505' title='bbox 871 4086 1045 4155; x_wconf 83' lang='grc' dir='ltr'><strong><em>ἀρχῆς</em></strong></span> <span class='ocrx_word' id='word_1_506' title='bbox 1090 4085 1491 4158; x_wconf 78' lang='grc' dir='ltr'><strong><em>κατεκλίθη,</em></strong></span> <span class='ocrx_word' id='word_1_507' title='bbox 1538 4087 1872 4158; x_wconf 83' lang='grc' dir='ltr'><strong><em>κείμενον.</em></strong></span> <span class='ocrx_word' id='word_1_508' title='bbox 1928 4124 1989 4131; x_wconf 94' lang='grc'><strong>-</strong></span> <span class='ocrx_word' id='word_1_509' title='bbox 2040 4091 2124 4146; x_wconf 91' lang='lat' dir='ltr'>De</span> <span class='ocrx_word' id='word_1_510' title='bbox 2162 4090 2502 4145; x_wconf 86' lang='lat' dir='ltr'>adeuntibus</span> <span class='ocrx_word' id='word_1_511' title='bbox 2542 4091 2923 4162; x_wconf 87' lang='lat' dir='ltr'>Trophonium</span> <span class='ocrx_word' id='word_1_512' title='bbox 2960 4094 3168 4149; x_wconf 91' lang='lat' dir='ltr'>dicitur</span> 
     </span>
     <span class='ocr_line' id='line_1_46' title="bbox 548 4161 3164 4244; baseline 0.005 -26"><span class='ocrx_word' id='word_1_513' title='bbox 548 4161 946 4233; x_wconf 83' lang='grc' dir='ltr'><strong><em>συγγίγνεσθαι</em></strong></span> <span class='ocrx_word' id='word_1_514' title='bbox 989 4170 1065 4238; x_wconf 80' lang='grc' dir='ltr'><strong><em>τῷ</em></strong></span> <span class='ocrx_word' id='word_1_515' title='bbox 1117 4165 1442 4241; x_wconf 81' lang='grc' dir='ltr'><strong><em>Τροφωνίῳ,</em></strong></span> <span class='ocrx_word' id='word_1_516' title='bbox 1480 4186 1527 4222; x_wconf 86' lang='lat' dir='ltr'>V.</span> <span class='ocrx_word' id='word_1_517' title='bbox 1566 4169 1890 4225; x_wconf 90' lang='lat' dir='ltr'>Philostrat.</span> <span class='ocrx_word' id='word_1_518' title='bbox 1942 4170 2051 4226; x_wconf 88' lang='lat' dir='ltr'>Vit.</span> <span class='ocrx_word' id='word_1_519' title='bbox 2102 4171 2284 4241; x_wconf 89' lang='lat' dir='ltr'><strong>Apoll.</strong></span> <span class='ocrx_word' id='word_1_520' title='bbox 2334 4171 2462 4225; x_wconf 88' lang='lat' dir='ltr'>VIII</span> <span class='ocrx_word' id='word_1_521' title='bbox 2492 4177 2557 4225; x_wconf 88' lang='grc'>19</span> <span class='ocrx_word' id='word_1_522' title='bbox 2586 4191 2638 4241; x_wconf 91' lang='lat' dir='ltr'>p.</span> <span class='ocrx_word' id='word_1_523' title='bbox 2670 4177 2800 4241; x_wconf 83' lang='lat'>335,</span> <span class='ocrx_word' id='word_1_524' title='bbox 2852 4179 2884 4227; x_wconf 91' lang='grc'>8</span> <span class='ocrx_word' id='word_1_525' title='bbox 2922 4174 3164 4244; x_wconf 79' lang='lat' dir='ltr'>Kayser:</span> 
     </span>
     <span class='ocr_line' id='line_1_47' title="bbox 548 4242 3168 4324; baseline 0.005 -28"><span class='ocrx_word' id='word_1_526' title='bbox 548 4242 668 4297; x_wconf 78' lang='grc' dir='ltr'><strong><em>ἐπεὶ</em></strong></span> <span class='ocrx_word' id='word_1_527' title='bbox 704 4249 779 4316; x_wconf 79' lang='grc' dir='ltr'><strong><em>τῷ</em></strong></span> <span class='ocrx_word' id='word_1_528' title='bbox 822 4243 1132 4318; x_wconf 80' lang='grc' dir='ltr'><strong><em>Τροφωνίῳ</em></strong></span> <span class='ocrx_word' id='word_1_529' title='bbox 1160 4246 1321 4315; x_wconf 82' lang='grc' dir='ltr'><strong><em>μήπω</em></strong></span> <span class='ocrx_word' id='word_1_530' title='bbox 1350 4247 1673 4318; x_wconf 80' lang='grc' dir='ltr'><strong><em>ξυγγέγονα.</em></strong></span> <span class='ocrx_word' id='word_1_531' title='bbox 1732 4250 1877 4305; x_wconf 88' lang='lat' dir='ltr'>Max.</span> <span class='ocrx_word' id='word_1_532' title='bbox 1908 4251 2035 4320; x_wconf 90' lang='lat' dir='ltr'>Tyr.</span> <span class='ocrx_word' id='word_1_533' title='bbox 2058 4250 2188 4304; x_wconf 79' lang='lat' dir='ltr'>diss,</span> <span class='ocrx_word' id='word_1_534' title='bbox 2222 4256 2305 4320; x_wconf 90' lang='lat'>14,</span> <span class='ocrx_word' id='word_1_535' title='bbox 2336 4257 2393 4306; x_wconf 82' lang='lat'>2:</span> <span class='ocrx_word' id='word_1_536' title='bbox 2434 4251 2463 4305; x_wconf 87' lang='grc' dir='ltr'>ὀ</span> <span class='ocrx_word' id='word_1_537' title='bbox 2494 4249 2759 4321; x_wconf 86' lang='grc' dir='ltr'><strong><em>δεόμενος</em></strong></span> <span class='ocrx_word' id='word_1_538' title='bbox 2796 4254 3168 4324; x_wconf 81' lang='grc' dir='ltr'><strong><em>συγγενέσθαι</em></strong></span> 
     </span>
     <span class='ocr_line' id='line_1_48' title="bbox 544 4322 3164 4405; baseline 0.005 -28"><span class='ocrx_word' id='word_1_539' title='bbox 544 4328 623 4396; x_wconf 76' lang='grc' dir='ltr'><strong><em>τῷ</em></strong></span> <span class='ocrx_word' id='word_1_540' title='bbox 657 4322 943 4398; x_wconf 67' lang='grc' dir='ltr'>ἶδαιμονίῳ</span> <span class='ocrx_word' id='word_1_541' title='bbox 980 4328 1075 4395; x_wconf 91' lang='lat' dir='ltr'>(sc.</span> <span class='ocrx_word' id='word_1_542' title='bbox 1114 4326 1472 4399; x_wconf 90' lang='lat' dir='ltr'>Trophonio).</span> <span class='ocrx_word' id='word_1_543' title='bbox 1558 4328 1664 4383; x_wconf 90' lang='lat' dir='ltr'>Vel</span> <span class='ocrx_word' id='word_1_544' title='bbox 1712 4329 1768 4392; x_wconf 76' lang='grc' dir='ltr'>ἐς</span> <span class='ocrx_word' id='word_1_545' title='bbox 1814 4329 2058 4396; x_wconf 77' lang='grc' dir='ltr'><strong><em>διάλεξιν</em></strong></span> <span class='ocrx_word' id='word_1_546' title='bbox 2104 4329 2384 4400; x_wconf 76' lang='grc' dir='ltr'><strong><em>ἔρχεσθαι,</em></strong></span> <span class='ocrx_word' id='word_1_547' title='bbox 2431 4350 2478 4385; x_wconf 91' lang='lat' dir='ltr'>v.</span> <span class='ocrx_word' id='word_1_548' title='bbox 2518 4330 2778 4388; x_wconf 88' lang='lat' dir='ltr'>Philostr.</span> <span class='ocrx_word' id='word_1_549' title='bbox 2829 4333 2942 4388; x_wconf 90' lang='lat' dir='ltr'>Vit.</span> <span class='ocrx_word' id='word_1_550' title='bbox 2981 4335 3164 4405; x_wconf 93' lang='lat' dir='ltr'>Apoll.</span> 
     </span>
     <span class='ocr_line' id='line_1_49' title="bbox 547 4402 3166 4480; baseline 0.006 -25"><span class='ocrx_word' id='word_1_551' title='bbox 547 4402 623 4458; x_wconf 90' lang='lat' dir='ltr'>ib.</span> <span class='ocrx_word' id='word_1_552' title='bbox 671 4422 723 4473; x_wconf 91' lang='lat' dir='ltr'>p.</span> <span class='ocrx_word' id='word_1_553' title='bbox 764 4410 886 4473; x_wconf 80' lang='lat'>336,</span> <span class='ocrx_word' id='word_1_554' title='bbox 935 4411 992 4460; x_wconf 81' lang='lat'>2:</span> <span class='ocrx_word' id='word_1_555' title='bbox 1067 4404 1655 4478; x_wconf 71' lang='grc' dir='ltr'><strong><em>ἐχώρειύποχθόνιος</em></strong></span> <span class='ocrx_word' id='word_1_556' title='bbox 1703 4409 2078 4480; x_wconf 90' lang='lat' dir='ltr'>(Apollonius)</span> <span class='ocrx_word' id='word_1_557' title='bbox 2118 4454 2128 4464; x_wconf 91' lang='lat'>.</span> <span class='ocrx_word' id='word_1_558' title='bbox 2172 4454 2182 4465; x_wconf 90' lang='lat'>.</span> <span class='ocrx_word' id='word_1_559' title='bbox 2236 4410 2500 4479; x_wconf 86' lang='grc' dir='ltr'><strong><em>καθάπερ</em></strong></span> <span class='ocrx_word' id='word_1_560' title='bbox 2553 4411 2609 4475; x_wconf 78' lang='grc' dir='ltr'>ἐς</span> <span class='ocrx_word' id='word_1_561' title='bbox 2660 4412 2907 4478; x_wconf 79' lang='grc' dir='ltr'><strong><em>διάλεξιν</em></strong></span> <span class='ocrx_word' id='word_1_562' title='bbox 2964 4414 3166 4470; x_wconf 79' lang='grc' dir='ltr'><strong><em>ἑαυτὸν</em></strong></span> 
     </span>
     <span class='ocr_line' id='line_1_50' title="bbox 546 4481 3168 4565; baseline 0.005 -30"><span class='ocrx_word' id='word_1_563' title='bbox 546 4481 775 4547; x_wconf 83' lang='grc' dir='ltr'><strong><em>στείλας.</em></strong></span> <span class='ocrx_word' id='word_1_564' title='bbox 842 4483 1092 4565; x_wconf 80' lang='lat' dir='ltr'>Quocum</span> <span class='ocrx_word' id='word_1_565' title='bbox 1121 4484 1359 4539; x_wconf 87' lang='lat' dir='ltr'>conferri</span> <span class='ocrx_word' id='word_1_566' title='bbox 1386 4489 1574 4556; x_wconf 91' lang='lat' dir='ltr'>potest</span> <span class='ocrx_word' id='word_1_567' title='bbox 1601 4487 1677 4543; x_wconf 92' lang='lat' dir='ltr'>ib.</span> <span class='ocrx_word' id='word_1_568' title='bbox 1707 4489 1785 4543; x_wconf 93' lang='lat' dir='ltr'>IV</span> <span class='ocrx_word' id='word_1_569' title='bbox 1826 4495 1917 4543; x_wconf 82' lang='lat'>16:</span> <span class='ocrx_word' id='word_1_570' title='bbox 1975 4489 2031 4553; x_wconf 79' lang='grc' dir='ltr'>ἐς</span> <span class='ocrx_word' id='word_1_571' title='bbox 2059 4489 2307 4555; x_wconf 80' lang='grc' dir='ltr'><strong><em>διάλεξιν</em></strong></span> <span class='ocrx_word' id='word_1_572' title='bbox 2333 4500 2432 4545; x_wconf 80' lang='grc' dir='ltr'><strong><em>τοῦ</em></strong></span> <span class='ocrx_word' id='word_1_573' title='bbox 2463 4488 2738 4563; x_wconf 81' lang='grc' dir='ltr'><strong><em>Ἀχιλλέως</em></strong></span> <span class='ocrx_word' id='word_1_574' title='bbox 2763 4486 2947 4562; x_wconf 82' lang='grc' dir='ltr'><strong><em>ἦλθον</em></strong></span> <span class='ocrx_word' id='word_1_575' title='bbox 2976 4495 3168 4565; x_wconf 89' lang='lat' dir='ltr'>(verba</span> 
     </span>
     <span class='ocr_line' id='line_1_51' title="bbox 548 4562 3164 4644; baseline 0.005 -30"><span class='ocrx_word' id='word_1_576' title='bbox 548 4562 853 4633; x_wconf 91' lang='lat' dir='ltr'>Apollonii,</span> <span class='ocrx_word' id='word_1_577' title='bbox 875 4563 973 4633; x_wconf 91' lang='lat' dir='ltr'>qui</span> <span class='ocrx_word' id='word_1_578' title='bbox 992 4563 1231 4619; x_wconf 89' lang='lat' dir='ltr'>Achillis</span> <span class='ocrx_word' id='word_1_579' title='bbox 1247 4566 1524 4620; x_wconf 91' lang='lat' dir='ltr'>tumulum</span> <span class='ocrx_word' id='word_1_580' title='bbox 1556 4569 1811 4640; x_wconf 89' lang='lat' dir='ltr'>adierat).</span> <span class='ocrx_word' id='word_1_581' title='bbox 1842 4569 2091 4639; x_wconf 78' lang='grc' dir='ltr'><strong><em>ἐντυχεῖν</em></strong></span> <span class='ocrx_word' id='word_1_582' title='bbox 2118 4573 2278 4632; x_wconf 84' lang='grc' dir='ltr'><strong><em>θεοῖς</em></strong></span> <span class='ocrx_word' id='word_1_583' title='bbox 2307 4569 2445 4639; x_wconf 79' lang='grc' dir='ltr'><strong><em>ὄναρ</em></strong></span> <span class='ocrx_word' id='word_1_584' title='bbox 2478 4572 2548 4626; x_wconf 91' lang='lat' dir='ltr'>de</span> <span class='ocrx_word' id='word_1_585' title='bbox 2575 4572 2911 4643; x_wconf 88' lang='lat' dir='ltr'>Epimenide</span> <span class='ocrx_word' id='word_1_586' title='bbox 2940 4574 3164 4644; x_wconf 86' lang='lat' dir='ltr'>dicitur,</span> 
     </span>
     <span class='ocr_line' id='line_1_52' title="bbox 547 4641 2509 4722; baseline 0.006 -27"><span class='ocrx_word' id='word_1_587' title='bbox 547 4641 645 4710; x_wconf 90' lang='lat' dir='ltr'>qui</span> <span class='ocrx_word' id='word_1_588' title='bbox 681 4641 741 4696; x_wconf 89' lang='lat' dir='ltr'>in</span> <span class='ocrx_word' id='word_1_589' title='bbox 776 4642 921 4697; x_wconf 91' lang='lat' dir='ltr'>Iovis</span> <span class='ocrx_word' id='word_1_590' title='bbox 959 4643 1183 4700; x_wconf 89' lang='lat' dir='ltr'>Dictaei</span> <span class='ocrx_word' id='word_1_591' title='bbox 1222 4647 1383 4701; x_wconf 85' lang='lat' dir='ltr'>antro</span> <span class='ocrx_word' id='word_1_592' title='bbox 1420 4648 1764 4717; x_wconf 89' lang='lat' dir='ltr'>versabatur,</span> <span class='ocrx_word' id='word_1_593' title='bbox 1802 4650 1948 4704; x_wconf 81' lang='lat' dir='ltr'>Max,</span> <span class='ocrx_word' id='word_1_594' title='bbox 1990 4649 2116 4719; x_wconf 90' lang='lat' dir='ltr'>Tyr.</span> <span class='ocrx_word' id='word_1_595' title='bbox 2159 4650 2291 4705; x_wconf 79' lang='lat' dir='ltr'>diss.</span> <span class='ocrx_word' id='word_1_596' title='bbox 2338 4656 2422 4722; x_wconf 87' lang='grc'>16,</span> <span class='ocrx_word' id='word_1_597' title='bbox 2464 4658 2509 4706; x_wconf 93' lang='grc'><strong>1.</strong></span> 
     </span>
    </p>
   </div>
   <div class='ocr_carea' id='block_1_8' title="bbox 3578 18 3582 1842">
    <p class='ocr_par' dir='ltr' id='par_1_9' title="bbox 3578 18 3582 1842">
     <span class='ocr_line' id='line_1_53' title="bbox 3578 18 3582 1842; baseline 0 0"><span class='ocrx_word' id='word_1_598' title='bbox 3578 18 3582 1842; x_wconf 95' lang='lat' dir='ltr'> </span> 
     </span>
    </p>
   </div>
  </div>
 </body>
</html>
