3611 5264
545 338 673 401 124
1709 340 1990 394 Laudatio
2848 345 2896 408 7,
2917 345 3077 407 5-9,
3112 347 3141 393 1

497 523 522 565 5
540 524 766 585 μενον,
873 500 1122 584 ἠπείλει
1170 498 1245 567 δὲ
1289 500 1400 596 καὶ
1444 504 1562 579 τὰς
1605 505 1854 585 νήσους
1898 504 2093 588 τάχος
2139 503 2534 589 ἐπέρχεσθαι
2646 502 2757 569 καὶ
2801 503 3151 588 ἀφανίζειν

542 599 761 683 ὥσπερ
810 597 1257 685 ἐξάλειπτρον·
1439 599 1620 677 ἔδοξε
1664 604 1813 666 τότε
1857 614 1997 678 τοῖς
2042 612 2164 667 τοῦ
2222 602 2421 685 ἁγιόυ
2475 603 2555 666 τὰ
2611 605 2892 680 λείψανα
2945 609 3151 687 θερα-

537 697 864 762 πεύουσιν
960 699 1073 762 διὰ
1118 707 1238 764 τοῦ
1283 698 1481 781 ἁγίου
1524 697 1872 763 πυθέσθαι
1917 701 1981 764 εί
2022 698 2093 764 ἐκ
2137 708 2254 784 τῆς
2296 702 2507 783 νήσου
2553 699 2781 775 αὐτοῖς
2819 698 3149 786 ἐπιτρέπει

539 796 663 877 τὴν
707 794 1143 880 ἀναχώρησιν.
1323 794 1434 861 καὶ
1478 798 1643 861 κατὰ
1688 793 1811 881 μὲν
1864 798 1987 881 τὴν
2039 799 2311 883 πρώτην
2367 797 2573 862 ἐκεῖσε
2626 808 2761 861 τῶν
2817 797 3151 879 Ἑλλήνων

530 891 916 977 Ἀγαρηνῶν
961 894 1261 958 κάθοδον
1304 892 1530 977 μένειν
1577 893 1877 959 ἐκέλευεν
2055 890 2285 979 [οὐδὲν
2330 893 2871 979 βλαβησομένους
2917 894 2989 959 ἐκ
3035 904 3150 977 τῆς

475 1015 521 1053 ιο
542 989 792 1074 ἐφόδου
838 1002 972 1055 τῶν
1009 991 1395 1076 ἀλαστόρων
1431 990 1540 1057 καὶ
1576 995 1956 1077 μιαιφόνων
2004 991 2318 1078 ἐχθρῶν],
2367 992 2542 1056 οὕτω
2582 993 2748 1075 δῆτα
2802 989 2911 1057 καὶ
2960 991 3150 1076 γέγο-

539 1113 677 1173 νεν,
849 1086 959 1153 καὶ
1005 1092 1350 1173 μείναντες
1395 1089 1604 1154 αὐτοῦ
1652 1088 2103 1173 διεσώθησαν·
2301 1091 2391 1166 ὡς
2437 1086 2513 1154 δὲ
2567 1090 2643 1155 τὸ
2690 1090 3006 1174 δεύτερον
3052 1092 3149 1167 εῑς

539 1187 663 1270 τὴν
708 1188 989 1272 Κύπρον
1036 1186 1071 1252 6
1117 1198 1253 1252 τῶν
1297 1186 1524 1251 ἀθέων
1562 1190 1795 1264 στόλος
1841 1187 2120 1271 ἀνήγετο
2250 1184 2362 1251 καὶ
2409 1182 2613 1263 αὖθις
2657 1188 2780 1270 τὴν
2827 1186 3149 1272 ἐρώτησιν

541 1286 613 1349 οί
664 1282 887 1349 πιστοὶ
940 1286 1107 1371 πρὸς
1164 1285 1283 1350 τὸν
1337 1286 1530 1367 ἅγιον
1586 1285 2003 1368 ἐποιήσαντο,
2203 1287 2330 1349 σὺν
2381 1285 2561 1368 τάχει
2616 1287 2762 1350 τότε
2814 1289 3150 1371 μεταίρειν

542 1380 890 1467 ἐπέτρεπεν
1054 1383 1172 1466 [ὡς
1218 1382 1375 1465 ὅλης
1419 1392 1533 1467 τῆς
1579 1385 1790 1465 νήσου
1838 1381 2482 1467 παραδοθησομένης
2527 1394 2665 1458 τοῖς
2711 1386 3150 1466 παλαμναίοις

471 1500 519 1539 15
536 1476 970 1565 Ἀγαρηνοῖς,]
1018 1483 1364 1565 συναίρειν
1408 1502 1479 1544 τε
1524 1479 1734 1546 αὐτοῦ
1776 1477 1889 1543 καὶ
1944 1480 2024 1543 τὰ
2068 1480 2408 1545 πάνσεπτα
2454 1489 2662 1545 ταῦτα
2716 1479 2908 1563 ὀστᾶ,
2967 1481 3056 1556 ὡς
3110 1480 3148 1545 6

530 1575 776 1661 Ἰωσὴφ
824 1578 898 1641 τὸ
942 1578 1145 1642 πάλαι
1191 1579 1656 1663 παρεκελεύετο
1781 1577 1948 1661 πρὸς
1991 1578 2251 1642 τελείαν
2294 1588 2429 1642 τῶν
2475 1575 2995 1661 ἀνασωζομένων
3040 1582 3146 1660 βε-

539 1678 837 1758 βαίωσιν.

487 1773 524 1827 8
722 1771 1289 1849 συσκευασθέντες
1336 1768 1461 1837 οὗν
1499 1772 1738 1838 ε’κεῖνοι
1776 1775 2148 1856 σεβασμίως
2184 1782 2390 1838 ταῦτα
2426 1785 2506 1861 τῇ
2544 1774 2823 1859 λάρνακι
2861 1774 3151 1860 συναρά-

540 1894 726 1953 μενοι
888 1874 1231 1957 πορθμείῳ
1280 1894 1413 1935 τινι
1459 1873 1921 1955 περιτυχόντες
1966 1868 2309 1954 ἐπέβησαν.
2472 1869 2583 1936 καὶ
2630 1872 2710 1935 τὰ
2755 1868 2880 1954 μὲν
2923 1882 3152 1956 πρῶτα

542 1968 908 2033 λανθάνειν
964 1970 1120 2044 τοὺς
1165 1973 1643 2054 συμπλωτῆρας
1691 1966 2108 2051 ἐσκέπτοντο,
2286 1970 2361 2033 τὸ
2407 1969 2575 2054 μέγα
2631 1971 2975 2053 κειμήλιον
3027 1978 3151 2033 τοῦ

543 2066 1015 2150 ίερομάρτυρος
1136 2067 1453 2151 κρύπτειν
1498 2066 1926 2151 πειρώμενοι·
2037 2068 2125 2142 ὡς
2172 2064 2246 2131 δὲ
2291 2076 2407 2151 τῆς
2451 2077 2571 2151 γῆς
2617 2067 2985 2150 ἀποβάντες
3029 2068 3154 2150 τὴν

495 2174 519 2214 5
541 2160 643 2227 ἐπὶ
696 2164 1412 2228 Κωνσταντινούπολιν
1459 2164 1801 2248 ἔσπευδον,
1936 2163 2182 2228 εὐωδία
2228 2187 2329 2240 τις
2373 2165 2447 2230 έν
2494 2174 2584 2253 τῷ
2631 2168 2842 2251 πλοίῳ
2891 2175 3150 2248 συχνῶς

538 2259 910 2342 ἀνεδίδοτο·
1016 2261 1098 2325 οὐ
1145 2262 1271 2346 γὰρ
1310 2255 1395 2343 ἦν
1431 2261 1722 2325 δυνατὸν
1761 2257 1919 2325 οὐδὲ
1966 2263 2304 2344 φεύγοντα
2381 2263 2644 2328 δίκαιον
2686 2262 3104 2346 κρύπτεσθαι

539 2355 647 2421 καὶ
695 2359 937 2445 φθόνῳ
984 2356 1281 2442 κατέχειν
1326 2369 1460 2423 τῶν
1508 2358 1801 2442 ἰαμάτων
1848 2359 1970 2441 τὴν
2017 2360 2304 2443 ἔκρυσιν.
2425 2361 2571 2424 τότε
2599 2362 2851 2443 γίνεται
2880 2372 3148 2446 πρᾶγμα

537 2454 941 2541 παράδοξον·
1077 2465 1192 2540 τῆς
1237 2457 1363 2540 γὰρ
1410 2457 1569 2540 νηὸς
1614 2456 1686 2521 ἐκ
1730 2457 2037 2543 πρύμνης
2085 2455 2531 2541 ἐλαυνομένης
2575 2466 2666 2544 τῷ
2711 2458 3029 2542 πνεύματι

540 2551 650 2617 καὶ
696 2561 809 2638 τῆς
857 2552 1107 2638 ὀθόνης
1155 2554 1285 2642 ὅλῳ
1334 2561 1425 2643 τῷ
1471 2558 1693 2641 κόλπῳ
1740 2556 2083 2641 χωρούσης
2127 2554 2248 2618 τὸν
2278 2554 2543 2638 ἄνεμον
2705 2549 2820 2641 (ἦν
2865 2549 2940 2617 δὲ
2986 2553 3148 2638 ἀπη-

467 2666 519 2704 10
543 2648 779 2734 λιώτης
828 2650 893 2730 ἐξ
941 2651 1173 2738 οὐρίας
1217 2651 1438 2718 πνέων
1484 2652 1519 2717 6
1568 2651 1835 2740 ἄνεμος)
1953 2660 2198 2736 αἴφνης
2244 2652 2444 2737 ἀτμὸς
2489 2650 2763 2735 ἐξεδόθη
2811 2653 2987 2738 παρὰ
3033 2662 3151 2734 τῆς

537 2750 751 2832 θήκης
788 2759 907 2815 τοῦ
945 2751 1299 2836 μάρτυρος,
1417 2754 1760 2837 κρείττονα
1797 2750 1839 2833 ἢ
1877 2748 2018 2815 κατ’
2070 2757 2390 2832 αἴσθησιν
2469 2748 2697 2835 φέρων
2743 2748 3102 2835 ἐνέργειαν,

540 2847 707 2912 ὥστε
754 2857 948 2912 νικᾶν
992 2847 1101 2913 καὶ
1147 2857 1269 2913 τοῦ
1315 2847 1563 2932 ἀνέμου
1608 2849 1682 2913 τὸ
1730 2849 2072 2914 σύντονον.
2217 2841 2385 2928 ἦλθε
2445 2848 2571 2931 γὰρ
2629 2847 2709 2911 οὐ
2764 2849 2973 2930 μόνον
3039 2845 3149 2911 ἐπὶ

540 2945 620 3007 τὰ
667 2947 891 3030 πρόσω
937 2947 1012 3010 τὸ
1050 2955 1164 3029 τῆς
1200 2946 1407 3030 ὀσμῆς
1443 2946 1705 3028 εὐῶδες,
1743 2945 1911 3010 ἀλλά
1949 2947 2074 3029 γὰρ
2112 2942 2221 3009 καὶ
2259 2941 2364 3008 ἐπὶ
2402 2945 2481 3008 τὰ
2517 2944 2766 3026 πλάγια
2804 2953 3146 3027 πανταχοῦ

537 3040 648 3106 καὶ
692 3042 913 3126 κύκλῳ
961 3042 1335 3128 διέδραμεν,
1534 3042 1623 3119 ὡς
1676 3041 1787 3107 καὶ
1847 3045 2003 3118 τοὺς
2060 3042 2188 3108 ἀπὸ
2249 3046 2538 3126 σημείων
2597 3053 2801 3127 τριῶν
2861 3043 3146 3106 ὄπισθεν

467 3155 518 3194 15
539 3137 647 3203 καὶ
685 3141 848 3204 κατὰ
884 3141 1181 3225 πλευρὰν
1216 3137 1671 3216 ὑποπλέοντας
1844 3140 2301 3225 ἐμπλησθῆναι
2347 3149 2462 3223 τῆς
2508 3139 2788 3216 εὐωδίας
2823 3148 2942 3204 τοῦ
2979 3141 3143 3224 μάρ-

539 3260 753 3323 τυρος.

486 3338 524 3392 9
721 3335 1076 3420 έκθάμβων
1114 3332 1187 3400 δὲ
1233 3334 1610 3420 γενομένων
1655 3335 1967 3401 ἁπάντων
2010 3338 2127 3401 καί
2178 3359 2327 3401 τινα
2374 3335 2809 3419 ἐπιθειασμὸν
2855 3330 3025 3399 εἶναι
3073 3335 3148 3400 τὸ

325 3566 980 3652 ΕΞε-εεέμβαλόμενοι
1019 3567 1094 3632 ἐν
1128 3570 1336 3654 πλοίῳ
1376 3571 1613 3633 ἔπλεον
1648 3569 1770 3651 τὴν
1808 3567 1913 3633 ἐπὶ
1951 3569 2670 3633 Κωνσταντινούπολιν
2706 3566 2884 3632 ὁδόν.
2932 3565 3149 3650 οἰομέ-

537 3689 678 3730 νων
732 3663 806 3729 δὲ
858 3664 1083 3729 αὐτῶν
1140 3667 1456 3749 κρύπτειν
1515 3666 1588 3730 τὸ
1644 3674 1763 3730 τοῦ
1824 3665 2020 3748 ἁγίου
2079 3664 2188 3730 καὶ
2237 3672 2758 3750 θαυματουργοῦ
2829 3666 3148 3741 λείψανον

537 3762 782 3827 εὐωδία
837 3784 937 3838 τις
988 3760 1155 3848 ὑπὲρ
1212 3762 1651 3848 ἀνθρωπίνην
1704 3769 2026 3846 αἴσθησιν
2081 3762 2447 3846 ἀνεδίδοτο,
2494 3762 2730 3847 οὐρίου
2777 3760 3026 3846 ἀνέμου
3071 3761 3147 3825 τὸ

537 3860 790 3943 σκάφος
846 3859 1243 3936 ἐλαύνοντος
1298 3860 1368 3925 ἐκ
1412 3861 1743 3945 πρύμνης,
1799 3859 1967 3925 ὥστε
2021 3861 2142 3925 ὅλα
2198 3861 2277 3924 τὰ
2331 3865 2530 3925 πλοῖα
2592 3861 2672 3923 τὰ
2728 3858 2799 3923 ἐκ
2857 3861 3147 3941 πλαγίου

467 3970 519 4010 3⁰
536 3956 743 4022 αὐτοῦ
791 3957 879 4033 ώς
925 3957 1052 4022 ἀπὸ
1101 3961 1388 4042 σημείων
1434 3960 1595 4023 ὄντα
1641 3968 1846 4044 τριῶν
1881 3966 1997 4039 τῆς
2033 3956 2295 4041 ἀφάτου
2334 3956 2586 4038 ἐκείνης
2624 3956 2911 4031 εὐωδίας
2959 3955 3149 4038 ἐπλή-

537 4059 818 4135 σθησαν.
866 4053 901 4119 6
949 4050 1073 4120 οὗν
1119 4056 1417 4141 φρουρὸς
1463 4064 1581 4120 τοῦ
1628 4055 1824 4138 ἁγίου
1860 4052 1970 4119 καὶ
2005 4062 2528 4138 θαυματουργοῦ
2567 4052 2887 4130 λειψάνου
2940 4054 3148 4118 εἰσελ-

536 4149 687 4215 θὼν
733 4150 838 4216 ἐπὶ
883 4153 1005 4234 τὴν
1047 4155 1268 4237 θήκην
1313 4152 1422 4218 καὶ
1467 4160 1699 4236 θαῦμα
1745 4153 2030 4238 φρικτὸν
2078 4153 2243 4216 ἰδὼν
2288 4151 2584 4235 ἐβόησεν·
2635 4151 2874 4233 τι’ἷὲγιος,
2929 4150 3149 4232 ἅγιος,

538 4248 765 4332 bimos&
809 4243 896 4332 ἦν
939 4249 1065 4335 γὰρ
1114 4251 1187 4315 τὸ
1245 4258 1440 4316 θεῖον
1494 4252 1814 4328 λείψανον
1866 4250 2366 4335 ὑπερεκβλύσαν
2425 4250 2621 4332 ἅγιον
2675 4249 2921 4332 μύρον,
2979 4246 3149 4312 ὥστε

718 4521 749 4569 5
786 4522 966 4585 ταχῶς
1003 4513 1052 4565 Α
1083 4515 1091 4582 Ι
1125 4519 1156 4567 6
1193 4513 1573 4580 θεραπεύουσι
1609 4512 1659 4566 Α
1701 4517 1710 4582 Ι
1745 4518 1809 4566 11
1850 4510 2137 4582 μείνοντος
2171 4510 2221 4564 Α
2253 4513 2262 4580 Ι
2297 4516 2362 4565 16
2401 4511 2469 4566 of.
2512 4512 2708 4567 Genea.
2752 4516 2838 4578 50,
2869 4514 2936 4564 25

824 4705 893 4757 28
929 4702 1060 4773 posia
1094 4700 1157 4754 τὸ
1193 4714 1392 4753 rasura
