3611 5264
601 331 683 394 12
1767 329 1953 398 Caput
1989 331 2030 383 I.

738 490 836 545 ubi
865 490 1073 546 dicitur
1088 490 1339 562 Iuppiter
1353 492 1720 561 „Peryameas
1746 490 1981 546 mtrasse
2007 492 2209 557 domos,
2226 491 2324 547 ubi
2350 490 2625 545 maximus
2649 491 2830 560 aegris
2862 490 2870 558 Ι
2902 490 3210 545 auoeiliator

737 572 891 626 adest
934 578 985 626 et
1028 572 1358 638 festinantia
1401 573 1594 627 sistens
1625 572 1633 639 Ι
1664 572 1790 637 fata
1834 572 2122 638 salutifero
2167 570 2353 626 mitis
2397 571 2531 625 deus
2582 570 2809 625 incubat
2844 570 3072 640 anyui.“
3143 570 3208 624 In

728 648 1048 721 Ἀσκληπιός
1083 651 1309 706 nomine
1347 650 1463 705 iam
1501 650 1573 705 ab
1611 649 1864 718 antiquis
1910 649 2075 719 ἤπιος
2122 649 2461 704 adiectivum
2507 648 2969 705 subaudiebatur.
3044 648 3208 704 Simi-

736 730 869 785 liter
923 730 994 784 de
1048 731 1339 801 Sarapidis
1392 730 1618 785 nomine
1662 730 1811 784 Plut.
1848 729 1932 784 De
1970 730 2038 786 Is.
2077 732 2136 784 et
2172 729 2264 784 Os.
2304 736 2370 784 29
2407 748 2460 800 p.
2492 735 2596 784 362
2625 729 2700 784 D:
2758 728 2863 799 ἐγὼ
2900 727 2983 798 δέ,
3019 730 3071 783 εἰ
3106 727 3207 798 μὲν

738 810 1041 881 Αἰγύπτιόν
1069 810 1183 867 ἐστι
1210 811 1458 880 τοῦνομα
1483 819 1583 865 τοῦ
1621 809 1969 879 Σαράπιδος,
2000 810 2432 880 εὐφροσύνην
2469 810 2607 864 αὐτὸ
2637 811 2846 879 δηλοῦν
2882 807 3074 877 οἴομαι
3110 810 3208 864 καὶ

737 891 1186 961 χαρμοσύνην.
1270 891 1389 948 Ael.
1436 892 1644 961 Aposp.
1696 896 1762 946 99
1801 891 1871 947 H.
1946 889 2193 960 effigiem
2237 888 2532 958 describit,
2592 888 2692 943 ubi
2737 898 2873 952 παῖς
2901 932 2913 944 .
2948 933 2959 944 .
2992 932 3003 944 .
3043 889 3207 943 ὑπο-

739 973 1019 1039 μειδιῶν
1086 989 1214 1025 cum
1267 971 1606 1041 Aesculapio
1670 970 2020 1041 Theopompi
2086 970 2306 1040 aegroti
2359 969 2507 1025 lecto
2562 969 2806 1026 adsistit.
2887 969 3208 1025 Memineris

736 1050 1060 1121 Aesculapii
1098 1050 1328 1121 effigies.
1403 1051 1486 1106 De
1521 1050 1860 1106 Protesilao:
1899 1050 2203 1120 φαιδρὰν
2239 1048 2302 1104 δὲ
2340 1049 2524 1119 ὀφρὺν
2559 1051 2687 1118 περὶ
2723 1049 2786 1104 τὸ
2826 1049 2976 1119 ὄμμα
3014 1048 3206 1122 βέβλη-

736 1151 849 1199 ται,
893 1131 956 1186 τὸ
995 1131 1100 1200 γὰρ
1139 1129 1415 1202 ἐπίχαρι
1460 1131 1610 1204 αὐτῷ
1648 1129 1848 1201 φίλον.
1872 1174 1883 1186 .
1907 1173 1919 1187 .
1944 1175 1955 1186 .
1986 1139 2094 1199 φεῦ
2131 1139 2243 1185 τῶν
2280 1129 2595 1199 ὀφθαλμῶν
2631 1131 2705 1193 ὡς
2742 1127 3115 1199 ἐπαφρόδιτοί
3149 1148 3208 1183 τε

740 1212 837 1266 καὶ
882 1213 1093 1282 φιλικοὶ
1139 1210 1447 1281 φαίνονται
1488 1211 1751 1266 Philostr.
1788 1211 2007 1267 Heroic.
2041 1216 2145 1267 673
2180 1229 2235 1280 p.
2269 1216 2388 1279 141,
2419 1216 2513 1278 283
2565 1209 2633 1263 cf.
2665 1207 2855 1278 ἱλαρός
2901 1210 2970 1263 de
3009 1209 3207 1264 eodem

745 1297 849 1346 674
885 1310 939 1361 p.
973 1298 1091 1361 142,
1122 1297 1207 1347 30.
1263 1290 1593 1361 μειδίαμα
1635 1293 1765 1360 περὶ
1799 1292 1904 1361 τὴν
1941 1291 2125 1361 ὀφρύν
2163 1292 2233 1346 de
2261 1291 2635 1360 nympharum
2672 1289 2896 1358 statui8‚
2924 1305 3070 1358 quae
3106 1306 3207 1359 per

738 1389 993 1427 somnum
1028 1388 1298 1442 apparere
1337 1372 1611 1441 solebant,
1647 1373 1874 1442 Longus
1910 1371 1975 1426 D.
2017 1373 2075 1425 et
2110 1370 2294 1442 ch1.,1
2329 1378 2390 1439 4,
2429 1377 2461 1424 2
2498 1388 2552 1440 p.
2593 1376 2721 1439 243,
2764 1376 2830 1424 18
2858 1370 2926 1426 Η.
3002 1368 3206 1440 μείλιχε

738 1440 1044 1506 advocatur
1100 1452 1222 1507 Pan
1272 1452 1423 1523 apud
1472 1451 1637 1507 Kaib.
1683 1451 1786 1522 Ep.
1836 1451 1927 1507 Gr.
1976 1456 2108 1521 802,
2148 1457 2205 1519 1,
2251 1450 2349 1520 qui
2394 1450 2500 1507 οὐκ
2546 1449 2713 1519 ὄναρ,
2752 1450 2851 1504 sed
2887 1449 3073 1505 medio
3113 1449 3205 1504 die

738 1532 1023 1599 quendam
1060 1533 1294 1588 curavit.
1361 1533 1448 1602 (cf.
1489 1552 1541 1602 p.
1574 1535 1646 1604 ὅ.)

594 1656 878 1724 Notatur
924 1682 1144 1725 eorum
1188 1660 1568 1747 magnitudo
1614 1664 1807 1745 atque
1853 1658 2285 1743 pulchritudo.

738 1790 921 1846 ἐδόκει
967 1792 997 1846 ὁ
1045 1792 1259 1862 Ξέρξης
1303 1792 1487 1861 ἄνδρα
1534 1791 1588 1847 οὶ
1635 1790 1936 1846 ἐπιστάντα
1982 1789 2194 1860 μέγαν
2229 1809 2287 1844 τε
2325 1790 2422 1844 καὶ
2461 1787 2731 1844 εὐειδέα
2778 1790 2956 1845 εἰπεῖν
3000 1790 3203 1845 Herod.

738 1870 841 1923 VII
864 1877 944 1925 12.
989 1873 1421 1944 „Aeyyptiorum
1456 1873 1728 1928 antistites
1767 1872 1847 1926 sic
1887 1877 2205 1937 memorant,
2250 1870 2559 1926 Ptolemaeo
2595 1871 2713 1940 reyi
2725 1914 2735 1924 .
2760 1914 2770 1924 .
2796 1914 2805 1925 .
2836 1871 3078 1925 oblatum
3106 1888 3209 1939 per

738 1940 966 2019 qicietem
995 1953 1226 2007 decore
1253 1953 1498 2008 eximio
1534 1958 1584 2007 et
1609 1953 1860 2007 maiore
1888 1968 2080 2021 quam
2114 1951 2404 2005 humana
2440 1950 2657 2019 speeie
2692 1950 3029 2005 iuvenem“
3074 1950 3204 2006 Tac.

735 2030 880 2085 Hist.
919 2031 997 2085 IV
1035 2037 1118 2086 83.
1194 2033 1291 2086 καὶ
1345 2032 1496 2104 αὐτῷ
1551 2030 1883 2101 (Daphnidi)
1930 2030 1991 2085 αἱ
2035 2038 2179 2098 τρεῖς
2236 2026 2567 2097 ἐφίστανται
2614 2028 2875 2098 Νύμφαι,
2922 2029 3207 2098 μεγάλαι

738 2119 996 2180 γυναῖκες
1053 2112 1150 2165 καὶ
1208 2109 1410 2166 καλαί
1457 2112 1683 2181 Longus
1718 2111 1771 2164 H
1799 2117 1885 2179 23,
1927 2116 1954 2163 1
1994 2127 2049 2179 p.
2079 2114 2200 2177 274,
2241 2113 2306 2162 19
2326 2108 2393 2163 Η.
2459 2109 2697 2178 ξυνῆκεν
2746 2108 2777 2162 ὁ
2816 2109 3085 2179 γεωργός,
3122 2108 3208 2164 ὅτι

739 2190 768 2245 ὁ
800 2192 1145 2261 Παλαμήδης
1173 2190 1283 2261 εἴη·
1323 2192 1419 2246 καὶ
1455 2191 1517 2245 τὸ
1557 2186 1706 2253 εἶδος
1734 2191 1790 2253 ἐς
1826 2189 1941 2260 ἥρω
1970 2189 2134 2259 ἔφερε
2169 2186 2380 2259 μέγαν
2417 2206 2475 2243 τε
2513 2189 2610 2242 καὶ
2639 2188 2905 2257 καλόνῑ)
2942 2189 3206 2244 Philostr.

737 2269 956 2325 Heroic.
996 2276 1100 2324 685
1137 2290 1192 2341 p.
1226 2277 1345 2339 154,
1385 2271 1535 2325 10·K.
1601 2271 1686 2325 De
1722 2269 2070 2339 Trophonio:
2125 2274 2201 2341 τῷ
2239 2267 2344 2338 γὰρ
2375 2266 2653 2340 Ὀλυμπίῳ
2692 2265 2795 2322 Διῒ
2824 2270 2924 2322 καὶ
2957 2269 3020 2323 τὸ
3058 2267 3208 2324 κάλ-

736 2351 848 2412 λος
897 2351 995 2405 καὶ
1044 2351 1108 2405 τὸ
1169 2348 1460 2421 μέγεθος
1520 2350 1911 2418 παραπλήσιον
1975 2350 2120 2404 ἰδεῖν
2184 2348 2403 2417 ἔφασαν
2484 2347 2630 2402 Plut.
2684 2347 2844 2402 Sulla
2895 2352 2977 2402 17.
3061 2348 3208 2403 Vide

735 2429 964 2485 Lucian.
1001 2447 1114 2485 ver.
1163 2430 1293 2485 hist.
1332 2431 1384 2484 H
1412 2436 1481 2484 34
1519 2429 1589 2484 de
1627 2430 1858 2484 somniis
1895 2429 1957 2484 in
1994 2428 2336 2483 somniorum
2369 2428 2580 2483 insula:
2647 2429 2834 2483 αὐτῶν
2871 2425 3061 2497 μέντοι
3095 2437 3208 2484 τῶν

736 2507 970 2578 ὀνείρων
1021 2509 1147 2564 οὔτε
1199 2511 1365 2579 φύσις
1424 2509 1550 2564 οὔτε
1600 2509 1726 2567 ἰδέα
1775 2510 1812 2579 ἡ
1864 2510 2020 2577 αὐτή.
2078 2507 2197 2564 ἀλλ’
2241 2509 2296 2563 οὶ
2355 2507 2457 2577 μὲν
2507 2506 2756 2578 μακροί
2804 2526 2863 2562 τε
2912 2500 3059 2577 ἦσαν
3109 2510 3208 2563 καὶ
3290 2502 3293 2505 “

735 2589 974 2658 μαλακοὶ
1017 2591 1114 2646 καὶ
1161 2591 1380 2663 [καλοὶ
1425 2591 1545 2662 καὶ]
1592 2591 1910 2659 εὐειδεῖς,
1957 2589 2013 2645 οἱ
2058 2587 2120 2644 δὲ
2167 2590 2392 2660 σκληροὶ
2438 2589 2535 2644 καὶ
2564 2589 2751 2658 μικροὶ
2796 2588 2893 2643 καὶ
2940 2586 3205 2658 ἄμορφοι.

736 2671 820 2724 De
864 2670 1165 2725 Protesilai
1209 2670 1602 2742 magnitudine
1647 2670 2008 2741 ampelurgus
2052 2669 2111 2724 in
2157 2670 2396 2724 Heroico
2443 2676 2546 2726 673
2584 2688 2637 2740 p.
2672 2674 2791 2738 142,
2825 2674 2854 2722 7
2891 2669 3087 2725 refert:
3142 2670 3205 2724 τὸ

736 2749 800 2804 δὲ
838 2759 1012 2820 μῆκος
1048 2750 1368 2822 δεκάπηχυς
1403 2750 1561 2822 τάχα.
1637 2751 1706 2806 cf.
1745 2751 1818 2804 de
1853 2750 2070 2817 insulis,
2106 2768 2248 2819 quas
2277 2749 2608 2804 Timarchus
2635 2766 2737 2818 per
2773 2766 3029 2804 somnum
3064 2747 3209 2803 vidit

734 2831 795 2883 in
842 2833 1003 2885 antro
1049 2831 1471 2901 Trophoniano:
1528 2830 1841 2902 φαίνεσθαι
1891 2830 1954 2885 δὲ
2003 2832 2211 2899 πλήθει
2270 2828 2370 2899 μὲν
2417 2828 2773 2899 ἀναρίθμους
2823 2827 3099 2899 μεγέθει
3145 2825 3202 2885 δ’

736 2910 1110 2979 ὑπερφυεῖς
1159 2911 1306 2966 Plut.
1346 2913 1416 2965 de
1453 2928 1579 2982 gen.
1620 2911 1766 2966 Socr.
1808 2918 1875 2964 22
1912 2930 1964 2981 p.
1999 2917 2101 2965 590
2131 2911 2187 2965 C.
2252 2911 2335 2964 De
2376 2909 2560 2980 Mopsi
2603 2910 2855 2965 oraculo:
2896 2909 3207 2978 ἄνθρωπον

736 2988 927 3054 ἔδοξεν
957 2991 1106 3062 αὐτῷ
1142 2990 1348 3046 καλὸν
1386 2990 1686 3045 ἐπιστάντα
1724 2989 2090 3060 φθέγξασθαι
2126 2994 2235 3045 κτλ.
2301 2989 2451 3044 Plut.
2481 2990 2551 3045 de
2580 2989 2687 3044 def.
2720 3008 2796 3045 or.
2828 2995 2896 3044 45
2932 3008 2986 3059 Ρ.
3017 2995 3122 3044 434
3141 2989 3203 3044 Ε.

735 3069 819 3122 De
854 3069 1217 3138 Aesculapio:
1255 3068 1596 3141 συμβολῆσαί
1638 3090 1722 3132 τις
1766 3071 1896 3138 περὶ
1940 3068 2195 3138 Κόρνους
2239 3071 2383 3143 αὐτᾷ
2429 3071 2526 3125 καὶ
2570 3079 2689 3133 τοῖς
2725 3068 3017 3139 ἑπομένοις
3052 3069 3207 3136 ἔδοξε

736 3147 840 3203 τὰν
886 3148 1025 3219 ὄψιν
1070 3150 1408 3219 εὐπρεπὴς
1452 3149 1597 3218 ἀνήρ
1644 3149 1773 3204 iam.
1821 3148 1984 3218 Epid.
2032 3167 2113 3204 nr.
2144 3155 2212 3203 80
2250 3150 2302 3204 V
2331 3155 2398 3203 29
2415 3167 2495 3217 sq.
2568 3149 2654 3203 De
2701 3149 2927 3204 homine
2962 3149 3205 3205 barbaro

734 3228 1099 3298 miracuIOSO,
1155 3229 1254 3297 qui
1310 3247 1435 3284 cum
1482 3228 1851 3284 daemonibus
1905 3229 2279 3300 nymphisque
2334 3230 2518 3283 vivere
2564 3229 2787 3284 solebat
2834 3232 3005 3297 atque
3052 3231 3204 3283 certo

737 3307 872 3361 anni
901 3308 994 3362 die
1031 3309 1182 3378 apud
1219 3325 1372 3364 mare
1400 3308 1653 3364 Rubrum
1688 3308 2011 3365 hominibus
2048 3326 2107 3365 se
2136 3310 2424 3380 offerebat,
2455 3310 2606 3380 apud
2642 3309 2790 3365 Plut.
2829 3309 3038 3379 legitur
3072 3310 3206 3365 hoc:

736 3387 1088 3451 κάλλιστος
1106 3387 1206 3458 μὲν
1243 3385 1323 3444 ὧν
1360 3386 1515 3446 εἶδον
1550 3392 1875 3461 ἀνθρώπων
1911 3391 2173 3461 ὀφθῆναι
2209 3391 2278 3444 de
2316 3390 2424 3446 def.
2465 3407 2543 3447 or.
2583 3396 2648 3444 21
2686 3408 2743 3460 p.
2771 3395 2874 3444 421
2905 3389 2971 3445 A.

593 3512 1016 3579 Pulchr-itudo
1063 3535 1208 3580 cum
1254 3516 1587 3583 iuventute
1632 3518 1991 3584 coniuncta.

735 3636 856 3689 Iam
903 3654 1072 3706 supra
1109 3637 1407 3693 citavimus
1445 3639 1575 3695 Tac.
1622 3639 1766 3695 Hist.
1815 3640 1893 3694 IV
1921 3647 1989 3695 83
2030 3640 2100 3694 de
2144 3641 2396 3696 iuvene
2432 3639 2666 3710 pulchro
2706 3641 2765 3694 et
2799 3656 3023 3709 magno,
3062 3639 3205 3694 Vide

736 3716 865 3771 iam.
897 3717 1060 3786 Epid.
1097 3735 1178 3773 nr.
1219 3724 1287 3772 59
1326 3718 1480 3787 XVI,
1520 3725 1646 3774 118:
1696 3719 1808 3790 ἔφα
1856 3720 1995 3790 ὄψιν
2032 3722 2230 3789 εἰδεῖν,
2270 3723 2460 3776 δοκεῖν
2498 3717 2866 3775 νεανίσκον
2902 3720 3204 3790 εὐπρεπῆ

737 3795 848 3865 τὰμ
901 3794 1128 3864 μορφὰν
1173 3795 1264 3851 ἐπὶ
1318 3797 1417 3851 τὸν
1468 3795 1744 3854 δάκτυλον
1795 3799 2003 3870 ἐπιπῆν
2053 3800 2371 3869 φάρμακον.
2454 3800 2538 3853 De
2589 3798 2954 3869 Telesphoro:
3022 3797 3205 3854 ἐδόκει

742 3873 894 3937 νέος
929 3876 1132 3944 κομιδῆ
1178 3876 1275 3929 καὶ
1311 3876 1558 3943 ὡραῖος
1603 3878 1747 3933 ἰδεῖν
1791 3880 1993 3935 Marin.
2031 3898 2081 3934 V.
2123 3879 2298 3934 Procl.
2341 3886 2387 3934 7.
2463 3879 2545 3933 De
2582 3879 2896 3933 Machaone
2933 3881 2992 3933 et
3026 3879 3205 3933 Poda-

737 3952 891 4009 lirio:
929 3953 1038 4023 ἤδη
1077 3952 1184 4024 γάρ
1220 3973 1368 4017 τινες
1394 3957 1491 4009 καὶ
1519 3957 1621 4010 δύο
1661 3956 2093 4022 νεανίσκους,
2132 3961 2206 4021 ὡς
2235 3957 2488 4027 ἐδόκουν,
2526 3956 2836 4014 ἐθεάσαντο
2873 3956 3024 4026 ῧπαρ
3061 3957 3206 4013 κατὰ

739 4032 840 4102 τὴν
879 4032 970 4087 ἐπὶ
1006 4032 1076 4087 τὰ
1109 4030 1374 4102 Ἀδροττα
1421 4032 1583 4104 ὁδόν,
1630 4034 1777 4105 μάλα
1815 4038 2108 4101 εὐειδεῖς
2145 4043 2255 4094 κτλ.
2311 4038 2387 4093 ib.
2428 4045 2510 4093 32.
2584 4037 2919 4092 Aristoteles
2954 4037 3207 4092 narravit

738 4111 988 4166 Eudemo
1025 4112 1295 4167 familiari
1331 4131 1430 4168 suo
1469 4115 1788 4185 aegrotanti
1825 4118 2037 4185 „visum
2073 4119 2137 4173 in
2172 4119 2345 4187 quiete
2380 4119 2648 4189 eye-eyia
2691 4118 2872 4184 faeie
2908 4117 3207 4171 iuvenem

738 4193 948 4247 ἀπανθ’*
987 4207 1032 4245 e.
1073 4210 1123 4260 q.
1165 4211 1205 4247 S.
1282 4193 1392 4250 Cic.
1433 4194 1503 4248 de
1540 4194 1651 4249 div.
1690 4196 1716 4249 I
1745 4202 1830 4265 25,
1870 4202 1954 4251 53.
2028 4197 2111 4251 De
2156 4196 2455 4251 Protesilai
2503 4197 2816 4252 iuventute:
2875 4196 3067 4267 γέγονε
3104 4193 3205 4264 μὲν

740 4270 844 4341 γὰρ
881 4272 1029 4342 ἀμφὶ
1064 4270 1133 4325 τὰ
1170 4272 1346 4329 εἴκοσι’
1380 4294 1492 4329 που
1520 4274 1755 4344 μάλιστα
1784 4275 1874 4346 ἔτη
1900 4320 1909 4330 .
1935 4320 1946 4331 .
1972 4321 1982 4331 .
2013 4277 2167 4348 ἁβρῷ
2205 4275 2258 4331 δ’
2303 4276 2468 4349 ἰούλῳ
2497 4277 2655 4348 βρύει
2690 4276 2953 4331 Philostr.
2984 4274 3203 4330 Heroic.

742 4356 844 4405 673
880 4371 934 4420 Ρ.
976 4357 1103 4421 141,
1142 4358 1226 4409 25.
1302 4353 1368 4409 of.
1417 4351 1572 4411 εἶδον
1617 4355 1716 4411 τὸν
1763 4353 2051 4411 νεανίαν
2098 4362 2202 4410 674
2247 4375 2301 4426 Ρ.
2334 4362 2460 4424 142,
2511 4361 2592 4411 10.
2658 4375 2707 4411 v.
2755 4355 2929 4410 etiam
2972 4356 3208 4425 Kenyon

742 4430 924 4485 Greek
969 4432 1175 4501 Papyri
1211 4451 1266 4503 p.
1307 4439 1426 4502 124,
1466 4440 1529 4488 11
1554 4453 1700 4503 sqq.:
1748 4443 1927 4490 ταῦτα
1973 4435 2144 4492 εἰπὼν
2184 4435 2300 4508 ὄψῃ
2340 4444 2617 4506 γυναῖκαν
2656 4435 2748 4491 ἐπὶ
2787 4435 2922 4491 ὄνου
2961 4438 3206 4505 καθηζο-

779 4613 829 4680 1)
866 4611 1079 4665 Heroas
1116 4610 1341 4665 omnino
1377 4613 1769 4682 magnitudine
1807 4613 2078 4670 excellere
2115 4613 2299 4669 elucet
2344 4631 2376 4668 e
2414 4614 2587 4670 schol.
2625 4613 2911 4669 Demosth.
2952 4614 3023 4668 de
3058 4613 3208 4667 falsa

596 4690 706 4762 leg.
746 4695 848 4744 279
885 4710 937 4761 p.
968 4696 1092 4758 437,
1122 4697 1190 4745 20
1226 4691 1420 4747 Dind.:
1460 4692 1672 4766 ἐκλήθη
1710 4693 1773 4750 δὲ
1813 4694 1958 4766 ἥρως
1994 4693 2093 4781 διὰ
2129 4695 2190 4749 τὸ
2229 4691 2467 4765 μέγεθος
2503 4703 2602 4748 τοῦ
2642 4695 2906 4762 σώματος.
