3611 5264
1714 313 1899 383 Caput
1929 313 1994 368 Π.

703 474 877 528 denen
912 474 1414 545 Zeuyunyskraft,“
1471 473 1925 528 Preller-Robert
1961 473 2052 528 Gr.
2091 474 2325 543 Mythol.
2356 474 2381 527 I
2411 480 2529 528 713.
2568 474 2641 530 cf.
2669 474 2990 529 Friedreich
3020 475 3178 545 Sym-

701 553 860 606 bolik
897 556 998 608 ete.
1040 573 1092 624 p.
1124 559 1254 609 504:
1296 556 1460 621 „Wic
1494 555 1591 609 der
1617 554 1763 609 Stier
1790 554 2051 609 Sinnbild
2086 555 2183 608 der
2209 554 2547 625 Erzeuyuny
2581 556 2699 609 und
2735 554 3179 626 Fortptzanzumy

702 636 792 700 ist,
827 650 886 691 80
923 635 996 689 ist
1032 635 1121 689 die
1159 634 1294 689 Kuh
1330 634 1592 689 Sirmbild
1627 635 1721 689 des
1759 635 2038 689 Gebiirens
2081 636 2204 689 wnd
2237 637 2330 690 des
2365 636 2577 690 Lebens
2622 635 2719 690 der
2756 636 2969 691 Mutter
3004 636 3178 703 Erae,

702 714 798 768 der
835 714 1050 769 Μαίων
1092 716 1186 769 des
1222 715 1597 786 Lebendiyen,
1642 716 1745 770 das
1787 714 2049 769 Sinnbild
2092 717 2189 770 der
2225 715 2696 770 Fruchtbarkeit.“
2769 715 2853 769 De
2897 715 3176 784 placentis

700 793 859 849 bovis
896 792 1075 848 instar
1113 793 1386 864 formatis,
1426 811 1566 863 quas
1605 811 1793 849 secum
1828 795 2135 865 portabant
2169 794 2229 848 in
2258 794 2568 865 Trophonii
2604 798 2829 850 antrum
2855 795 3177 850 descensuri

699 893 746 928 v.
787 873 935 927 infra
973 894 1024 944 p.
1056 880 1154 941 43,
1184 880 1233 929 4.
1308 875 1392 929 De
1438 877 1601 929 tauro
1646 875 1735 928 vel
1778 874 1924 928 bove
1969 873 2031 928 in
2074 874 2309 946 magicis
2356 893 2404 931 v.
2443 874 2599 930 Riese
2647 894 2686 930 s.
2728 894 2775 930 v.
2815 875 3176 946 Aberglaube

700 973 754 1024 p.
787 960 870 1008 76.
945 953 1162 1008 Taurus
1201 956 1323 1009 ater
1358 954 1419 1008 in
1454 954 1716 1025 magicis:
1760 954 2017 1023 ταύρου
2062 953 2351 1025 μέλανος
2396 953 2558 1024 στέαρ
2595 956 2773 1010 Wess.
2814 955 2906 1011 Gr.
2944 956 3048 1013 ZP.
3087 962 3174 1026 54,

705 1040 857 1089 1333.
931 1035 1119 1089 Vacca
1167 1038 1316 1090 atra:
1365 1034 1508 1106 γάλα
1555 1035 1715 1107 βοὸς
1759 1032 2086 1104 μελαίνης
2120 1035 2196 1091 ib.
2236 1042 2331 1103 43,
2370 1041 2473 1090 908
2495 1053 2574 1105 sq.
2649 1033 2924 1107 βόλβυθον
2960 1039 3048 1106 (=
3078 1034 3173 1108 βό-

700 1117 871 1184 λιτον)
910 1115 1069 1187 βοὸς
1105 1113 1431 1185 μελαίνης
1466 1115 1544 1170 ib.
1575 1121 1661 1182 57,
1694 1121 1830 1169 1439
1852 1133 1932 1183 sq.
2008 1115 2150 1186 γάλα
2188 1115 2346 1187 βοὸς
2382 1118 2703 1186 μελαίνης
2739 1113 3174 1184 πρωτοτόκου

701 1196 797 1249 καὶ
834 1195 1235 1265 πρωτοτρόφου
1272 1196 1348 1250 ib.
1392 1201 1511 1264 100,
1541 1201 1679 1255 3149
1700 1214 1780 1264 sq.
1856 1193 2181 1266 μελαίνης
2216 1196 2376 1267 βοὸς
2412 1194 2555 1267 γάλα
2584 1196 2789 1250 Abrax.
2824 1202 2943 1264 172,
2976 1203 3040 1249 12
3081 1197 3170 1267 (cf.

703 1280 822 1342 181,
851 1277 922 1345 2).
981 1272 1119 1345 αἷμα
1157 1275 1482 1347 μελαίνης
1520 1279 1783 1345 (μελανης
1818 1277 1893 1345 p.)
1932 1273 2090 1348 βοός
2142 1276 2321 1331 Wess.
2368 1276 2527 1331 Neue
2575 1276 2665 1331 Gr.
2715 1276 2817 1331 ZP.
2846 1282 2934 1344 44,
2965 1282 3068 1331 718
3089 1295 3169 1346 sq.

703 1382 770 1401 =
801 1355 939 1411 Ken.
975 1362 1094 1424 105,
1123 1363 1228 1411 652
1248 1375 1329 1427 sq.

511 1483 924 1567 ‚Hercynam
998 1484 1063 1547 in
1138 1483 1495 1568 Trophonii
1569 1506 1829 1549 nemore
1903 1506 2048 1548 cum
2116 1483 2283 1548 Cora
2353 1485 2681 1550 ludentem
2747 1507 2970 1550 anser
3036 1487 3171 1570 qui-

557 1582 705 1646 dam
763 1583 1066 1667 effugisse
1131 1586 1325 1667 atque
1385 1583 1451 1646 in
1517 1586 1703 1647 antro
1765 1604 1834 1646 se
1894 1582 2249 1646 occuluisse
2317 1583 2693 1648 tradebatur
2753 1584 2871 1647 sub
2931 1582 3173 1670 lapide3

559 1702 749 1764 quem
796 1702 943 1744 cum
988 1680 1247 1744 tolleret
1296 1679 1478 1766 Cora,
1523 1685 1598 1745 ut
1644 1702 1936 1745 anserem
1992 1684 2272 1767 caperet,
2337 1704 2504 1765 aqua
2559 1681 2775 1746 subito
2832 1682 2981 1746 inde
3027 1704 3170 1766 pro-

556 1777 766 1842 fluxit.
857 1777 1128 1843 Flumen
1176 1778 1339 1843 illud
1393 1778 1694 1863 Hercyna
1748 1778 2223 1863 appellabatur3
2278 1779 2347 1843 in
2402 1779 2585 1844 cuius
2639 1780 2781 1864 ripa
2833 1779 3171 1864 Hercynae

554 1880 692 1939 erat
710 1876 1051 1959 templum:
1071 1876 1345 1961 virginis
1365 1877 1573 1942 inerat
1602 1880 1819 1942 statua
1847 1898 2137 1941 anserem
2166 1877 2464 1943 tenentis,
2511 1875 2727 1964 (Paus.
2756 1875 2850 1942 IX
2879 1878 2982 1964 39,
2999 1880 3057 1943 2.
3079 1878 3169 1966 3.)

696 2027 979 2092 „Anseres
1030 2029 1114 2081 rei
1162 2027 1380 2097 aliquid
1432 2028 1685 2082 habuisse
1737 2045 1864 2082 cum
1917 2026 2096 2082 Orco“
2153 2025 2450 2080 adnotavit
2501 2024 2786 2080 Dieterich
2836 2028 2971 2097 Pap.
3018 2044 3167 2098 mag.

694 2124 748 2174 p.
784 2110 902 2173 785,
930 2113 965 2160 4
1002 2108 1154 2161 recte
1189 2123 1316 2162 mea
1352 2107 1582 2176 quidem
1618 2106 1900 2161 sententia
1934 2107 2187 2160 refutans
2225 2106 2529 2173 Kellerum,
2565 2106 2665 2175 qui
2702 2106 2762 2160 in
2798 2107 2944 2161 libro
2985 2107 3169 2162 ‘'I'iere

701 2186 798 2239 des
853 2185 1207 2241 klassischen
1257 2188 1944 2257 Α11611111116Ῥ.292,61
1998 2186 2364 2241 Friedreichii
2409 2185 2814 2256 explicationes
2857 2186 3172 2257 (Symbolik

691 2284 746 2334 p.
778 2269 904 2336 586)
941 2266 1320 2336 reprehendit,
1357 2267 1689 2358 praesertim
1734 2285 1862 2321 cum
1907 2267 2161 2321 Kellerus
2206 2266 2327 2336 ipse
2363 2267 2401 2321 l.
2432 2283 2477 2322 c.
2518 2285 2571 2336 p.
2604 2272 2707 2321 288
2727 2285 2846 2336 sqq.
2887 2270 2945 2322 et
2979 2287 3032 2338 p.
3064 2273 3167 2322 296

694 2345 965 2400 eroticam
1008 2346 1122 2400 vim
1167 2347 1322 2402 illius
1368 2348 1513 2415 avis,
1559 2347 1658 2415 qui
1694 2347 2060 2403 fecunditatis
2107 2347 2332 2417 signum
2376 2347 2720 2415 habebatur,
2774 2347 2928 2401 haud
2972 2348 3168 2418 paucis

692 2426 876 2480 verbis
892 2427 1276 2483 declaraverit.
1299 2428 1380 2482 Ac
1398 2444 1528 2482 vero
1547 2427 1694 2482 inter
1708 2444 1901 2482 omnes
1930 2430 2166 2495 constat,
2185 2430 2461 2496 quantum
2486 2426 2808 2482 interfuerit
2833 2428 3169 2482 Graecorum

693 2509 751 2560 et
785 2507 1164 2563 Romanorum
1201 2507 1495 2562 chthonios
1531 2509 1756 2577 placare
1796 2508 1955 2576 deos,
1992 2508 2201 2578 quippe
2238 2507 2337 2576 qui
2374 2508 2779 2563 fecunditatem
2815 2508 3169 2578 praeberent.

693 2586 829 2642 Isidi
848 2605 1069 2658 quoque
1092 2591 1149 2644 et
1168 2587 1377 2645 Osiridi
1405 2604 1629 2644 anseres
1658 2588 2113 2656 immolabantur,
2141 2589 2289 2643 Lenz
2310 2588 2577 2659 Zoologie
2596 2588 2695 2643 der
2714 2589 2869 2644 alten
2893 2587 3169 2644 Griechen

694 2668 810 2722 und
846 2669 1053 2723 Romer
1086 2689 1140 2739 p.
1171 2674 1292 2725 407.
1356 2668 1679 2724 Friedreich
1716 2670 1753 2724 l.
1793 2687 1839 2725 c.
1901 2669 2186 2725 Dieterich
2223 2670 2259 2724 l.
2291 2687 2336 2725 6.
2412 2669 2616 2724 Nescio
2655 2687 2730 2724 an
2764 2670 3004 2724 fortasse
3040 2687 3168 2724 cum

691 2749 904 2803 erotica
958 2749 1060 2803 illa
1116 2750 1329 2805 anseris
1385 2749 1795 2820 significatione
1853 2749 2042 2818 aliquo
2102 2749 2270 2803 modo
2331 2749 2631 2804 cohaereat
2692 2749 2752 2803 id
2812 2749 2963 2817 quod
3015 2751 3168 2820 apud

691 2828 992 2882 Aelianum
1020 2832 1311 2884 exaratum
1338 2829 1548 2899 reperis
1579 2829 1728 2897 (hist.
1760 2847 1849 2883 an.
1867 2830 2052 2899 V29):
2089 2827 2522 2898 θερμότατος
2548 2828 2611 2883 δὲ
2641 2828 2752 2897 ἄρα
2780 2827 2859 2884 ὢν
2887 2831 2984 2884 καὶ
3012 2832 3168 2883 δια-

692 2910 1086 2977 πυρώτατος
1120 2910 1224 2979 τὴν
1261 2911 1433 2980 φύσιν
1466 2909 1496 2964 ὁ
1525 2909 1645 2980 χήν.
1701 2910 1941 2964 Anseres
1971 2909 2197 2964 omnino
2224 2909 2418 2964 multis
2451 2909 2511 2963 in
2540 2908 2764 2978 templis
2792 2909 3166 2978 habebantur,

692 2989 762 3043 cf.
791 2989 1126 3045 Artemidor.
1167 2990 1446 3045 Oneirocr.
1485 2989 1561 3043 IV
1590 2995 1685 3045 83:
1724 2990 1866 3058 ἱεροὶ
1912 2989 2018 3061 γὰρ
2065 2990 2121 3045 οἱ
2173 2999 2339 3062 χῆνες
2384 2991 2480 3044 καὶ
2537 2989 2599 3043 ἐν
2650 2998 2810 3051 ναοῖς
2855 2989 3165 3059 ἀνατρεφό-

695 3088 869 3136 μενοι.
944 3069 989 3122 Ε
1036 3069 1266 3139 papyris
1311 3069 1547 3139 magicis
1585 3069 1654 3124 cf.
1693 3070 1861 3125 haec:
1907 3069 2013 3141 χὴν
2051 3069 2284 3133 ἄσπιλος
2317 3068 2605 3124 Dieterich
2641 3070 2776 3138 Pap.
2813 3086 2962 3139 mag.
3001 3069 3104 3123 VH
3132 3078 3165 3124 2

692 3151 750 3202 61
785 3156 939 3217 φῦσα
965 3149 1164 3220 χήνεια
1190 3150 1369 3204 Wess,
1401 3148 1492 3206 Gr.
1515 3149 1616 3204 ZP.
1650 3154 1769 3217 113,
1790 3156 1894 3204 396
1915 3178 1983 3197 =
2002 3150 2139 3204 Ken.
2173 3156 2257 3218 77,
2288 3155 2390 3204 382
2422 3147 2752 3219 (‘windpipe
2780 3148 2844 3201 of
2866 3165 2900 3202 a
2929 3152 3164 3222 goose').

693 3229 1025 3283 Persuasum
1063 3229 1204 3283 mihi
1240 3231 1424 3284 habeo
1469 3246 1582 3283 non
1629 3229 1748 3284 sine
1795 3247 1965 3285 causa
2002 3229 2384 3284 Alexandrum
2428 3229 2590 3283 illum
2635 3228 3165 3301 Abonotichensem,

690 3309 789 3376 qui
827 3309 1004 3363 altero
1041 3329 1094 3379 p.
1135 3310 1258 3365 Chr.
1300 3311 1524 3364 saeculo
1569 3306 1745 3367 totius
1790 3309 1988 3364 mundi
2025 3309 2214 3364 oculos
2260 3308 2321 3363 in
2358 3326 2416 3363 se
2455 3312 2821 3378 converterat,
2859 3309 3166 3380 Glyconem

690 3407 853 3442 suum
889 3405 956 3443 ex
993 3390 1258 3444 anseris
1297 3407 1398 3444 ovo
1435 3392 1805 3461 prodeuntem
1833 3390 2033 3445 fecisse
2064 3390 2311 3458 (Lucian.
2342 3389 2497 3444 Alex.
2535 3393 2638 3460 13),
2675 3390 3008 3460 praesertim
3037 3409 3165 3446 cum

692 3469 876 3539 capite
915 3470 1171 3537 sequenti
1210 3473 1320 3541 (14)
1360 3470 1430 3525 (16
1465 3488 1609 3524 novo
1646 3472 1745 3525 illo
1782 3469 2120 3540 Aesculapio
2157 3470 2362 3524 iterum
2407 3469 2713 3526 asseverari
2758 3471 3019 3526 videatur
3061 3474 3167 3527 οὐκ

690 3549 751 3604 ἐκ
791 3547 1180 3618 Κορωνίδος..
1206 3595 1216 3606 .
1241 3595 1251 3606 .
1275 3548 1411 3606 οὐδέ
1446 3571 1505 3622 γε
1543 3552 1812 3621 κορώνης,
1849 3548 1967 3605 ἀλλ’
2013 3550 2082 3606 ἐκ
2118 3551 2328 3622 χηνὸς
2364 3549 2785 3622 γεγεννημένον.

546 3674 943 3761 Amphiarao
983 3677 1314 3761 gallinas
1354 3679 1744 3744 sacrificatas
1782 3701 1922 3745 esse
1959 3701 2037 3743 ex
2076 3677 2538 3763 Aristophanis
2576 3677 2956 3763 Amphiarai
2995 3680 3164 3767 frag-

546 3779 765 3839 mento
812 3773 1236 3839 concluserim
1249 3773 1318 3863 ¹).

688 3914 857 3969 Plura
895 3915 966 3969 de
1002 3914 1170 3985 gallis
1208 3934 1257 3969 v.
1296 3914 1442 3969 infra
1478 3934 1532 3985 p.
1563 3922 1632 3971 46
1655 3934 1735 3986 sq.

1711 4077 1779 4131 Π.
1819 4077 1991 4132 Alia.

547 4166 958 4231 Placentae
1003 4165 1390 4254 Aesculapio
1439 4170 1891 4234 cremabantur
1944 4172 2094 4234 ante
2148 4168 2630 4234 incubationem
2677 4169 3160 4236 instituendam.

547 4262 909 4351 (Aristoph.
946 4264 1117 4329 Plut.
1147 4266 1413 4355 660sq.)
1487 4269 1563 4333 cf.
1594 4291 1654 4352 p.
1689 4268 1788 4332 18.

727 4461 776 4526 1)
815 4457 921 4526 frg.
955 4462 1020 4511 18
1060 4457 1241 4513 Kock:
1332 4460 1518 4529 γύναι,
1553 4457 1610 4513 τί
1643 4460 1707 4514 τὸ
1745 4459 2018 4531 ψοφῆσάν
2054 4458 2212 4529 ἐσθ’;
2249 4492 2318 4500 -
2355 4460 2671 4529 ἁλεκτρυὼν

1315 4538 1419 4608 τὴν
1455 4539 1653 4594 κύλικα
1689 4539 2118 4612 καταβέβληκεν.
2161 4571 2223 4580 --
2264 4539 2573 4609 οἰμώζουσοὶ
2611 4560 2689 4612 γε.

545 4627 785 4681 Videtur
821 4626 1039 4696 gallina
1067 4627 1139 4681 ab
1169 4626 1516 4695 Atheniensi,
1556 4628 1654 4696 qui
1691 4647 1818 4683 cum
1854 4645 2025 4683 uxore
2062 4628 2392 4698 Amphiarai
2428 4647 2651 4684 sacrum
2686 4629 2849 4698 adiit,
2887 4631 2961 4685 ad
2990 4631 3158 4685 sacri-

547 4706 829 4761 ficandum
866 4705 1151 4762 destinata
1186 4704 1385 4777 fuisse;
1423 4724 1765 4778 quamquam
1803 4709 2041 4765 dubium
2077 4713 2177 4766 est.
