3611 5264
1180 300 1263 352 De
1300 298 1607 354 incubandi
1643 298 1847 353 ritibus
1887 298 2281 367 symbolisque.
2944 300 3031 364 45

416 466 628 527 vertes
675 462 844 525 inter
898 461 1387 545 inscriptionem
1443 462 1744 546 primam,
1801 484 1964 546 quae
2020 463 2147 526 fine
2205 484 2459 546 quoque
2517 483 2634 526 suo
2682 485 2719 526 a
2766 462 3032 547 reliquis

418 560 717 625 nonnihil
764 560 1063 644 discedit,
1121 563 1185 623 et
1241 559 1693 643 inscriptiones
1750 565 2089 644 sequentes
2147 583 2285 625 esse
2343 561 2605 645 aliquod
2661 561 3032 647 discrimen3

421 663 684 723 sanatur
731 658 903 721 enim
950 661 1253 742 aegrotus
1302 658 1421 721 sub
1469 656 1500 722 I
1546 659 1851 722 actione
1899 658 2175 742 quadam
2222 659 2512 743 mystica,
2560 660 2803 724 accedit
2858 681 3033 724 aram

417 754 479 841 (P
493 753 697 842 βῆμα)
746 776 993 819 sacram
1039 776 1306 838 eamque
1355 754 1696 839 osculatur,
1743 778 1782 818 a
1829 756 2054 820 dextra
2089 756 2381 840 procedit
2418 757 2484 820 in
2523 757 2854 821 sinistram
2890 780 3030 840 par-

414 858 565 937 tem,
613 853 855 938 digitos
903 874 1123 916 omnes
1170 853 1239 916 in
1286 874 1397 916 ara
1442 853 1645 937 ponit,
1692 852 1870 917 tollit
1906 876 2167 918 manum
2207 854 2535 938 oculisque
2581 855 2800 919 eadem
2837 877 3032 919 manu

420 952 729 1035 imposita
761 954 1040 1015 sanatur.
1116 949 1250 1015 Sub
1278 948 1344 1014 H
1379 949 1478 1014 HI
1514 949 1610 1014 IV
1646 972 1798 1014 vero
1846 973 1967 1016 res
2005 953 2367 1036 quaedam
2405 951 2817 1038 adhibentur3
2865 954 3037 1037 quod

420 1053 634 1113 autem
682 1049 763 1113 ad
807 1048 925 1113 has
972 1070 1075 1113 res
1123 1049 1375 1132 attinet,
1431 1048 1643 1132 primo
1693 1048 1926 1113 obtutu
1976 1050 2253 1114 elucebit
2310 1053 2481 1115 certe
2533 1051 2877 1114 nonnullas
2936 1074 3033 1115 ea-

421 1170 563 1211 rum
611 1148 679 1211 in
726 1146 1182 1211 chthoniorum
1229 1145 1407 1211 cultu
1454 1145 1690 1209 habere
1737 1146 2022 1230 aliquam
2070 1147 2624 1232 significationem.
2716 1146 2853 1212 Iam
2909 1149 3033 1212 sin-

420 1246 572 1332 gula
618 1248 770 1309 sunt
815 1244 1162 1308 tractanda.

595 1342 677 1407 H.
726 1342 797 1407 ἐκ
852 1351 973 1408 τοῦ
1027 1343 1370 1428 τριβώμου
1425 1336 1580 1429 ἆραι
1636 1341 1893 1428 τέφραν
1955 1341 2066 1407 καὶ
2128 1341 2266 1427 μετ’
2332 1349 2525 1410 οἴνου
2590 1344 3032 1430 ἀναφυρᾶσαι.

363 1443 367 1447 ’
422 1441 602 1506 Cinis
649 1438 920 1528 (τέφρα)
969 1462 1109 1503 eam
1157 1440 1238 1503 ob
1286 1462 1421 1503 rem
1469 1439 1735 1504 sanandi
1781 1440 2044 1504 exhibet
2089 1441 2239 1524 vim,
2288 1441 2438 1525 quia
2494 1442 2560 1504 in
2616 1464 2726 1505 ara
2772 1446 2869 1507 est
2915 1443 3035 1528 dei,

420 1541 638 1624 itaque
687 1559 863 1602 sacer
921 1558 995 1601 ac
1052 1536 1359 1602 salutifer.
1453 1537 1743 1615 Quocum
1798 1539 2088 1602 conferas
2144 1539 2630 1622 inscriptionem
2686 1562 2765 1603 ex
2820 1539 3034 1604 Ascle-

422 1638 568 1722 pieo
615 1636 928 1720 LebeniO,
975 1658 1101 1719 qua
1146 1636 1496 1700 curationis
1550 1637 1984 1722 fragmentum
2049 1636 2237 1701 nobis
2291 1637 2568 1702 traditur
2622 1635 3031 1724 (Philologus

416 1733 690 1800 XLVIII
737 1733 898 1820 402)
965 1755 1022 1797 v.
1064 1733 1173 1797 12:
1230 1729 1370 1798 εἶτα
1422 1737 1660 1799 κονίαν
1715 1734 1842 1799 ἀπὸ
1898 1743 2014 1818 τῆς
2070 1736 2284 1820 ἱερᾶς
2339 1736 2639 1799 σποδοῦ
2696 1733 2806 1822 (sc.
2854 1758 3026 1819 prae-

419 1833 680 1917 scripsit
726 1829 928 1918 deus).
1002 1831 1100 1895 De
1146 1831 1298 1895 vino
1346 1833 1414 1895 in
1459 1835 1863 1896 mortuorum
1899 1831 2078 1896 cultu
2116 1855 2172 1896 v.
2205 1830 2469 1917 Stengel
2508 1831 2615 1896 Gr.
2653 1832 3033 1898 Kultusalt.2

421 1955 481 2016 p.
516 1931 660 1995 132.
708 1931 787 1993 cf.
824 1929 1005 1992 Diels
1054 1927 1185 1993 Sib.
1224 1929 1321 1993 Bl.
1359 1952 1421 2012 p.
1455 1930 1556 2014 71,
1589 1931 1643 1993 1.
1690 1930 1953 2014 Vinum,
2000 1928 2231 2014 oleum,
2278 1929 2405 1993 mel
2453 1930 2521 1993 in
2567 1930 2790 1994 eodem
2827 1930 3030 2001 cultu:

418 2053 476 2094 v.
513 2028 741 2092 Rohde
778 2024 1063 2110 Psyche2
1099 2025 1130 2091 I
1168 2027 1317 2092 231.
1390 2027 1652 2112 Vinum,
1687 2027 1805 2114 lac,
1843 2027 1970 2092 mel
2009 2028 2075 2090 in
2113 2026 2291 2091 cultu
2330 2026 2665 2092 chthonio:
2703 2027 3033 2093 Dieterich

420 2125 660 2191 Abrax.
700 2149 761 2209 p.
796 2124 1010 2189 158A.
1084 2125 1328 2191 Vinum
1375 2125 1442 2188 in
1497 2125 1790 2210 magicis:
1839 2125 2046 2190 Wess.
2086 2124 2192 2189 Gr.
2230 2124 2350 2188 ZP.
2381 2125 2487 2209 43,
2517 2125 2664 2190 908.
2721 2125 2803 2190 id.
2848 2126 3031 2192 Neue

420 2225 527 2290 Gr.
564 2225 685 2289 ZP.
724 2223 828 2308 25,
862 2224 984 2287 171
1020 2255 1104 2276 =
1133 2223 1293 2287 Ken.
1325 2223 1427 2307 89,
1461 2223 1605 2287 171.
1644 2223 1729 2287 ib.
1768 2223 1873 2286 W.
1909 2223 2033 2286 179
2066 2255 2149 2276 =
2179 2222 2258 2286 K.
2293 2223 2436 2287 179.
2482 2222 2764 2306 Parthey
2791 2247 2852 2307 p.
2887 2225 3031 2310 120,

425 2324 525 2387 10.
554 2323 670 2408 23,
723 2321 869 2406 124,
902 2322 1056 2406 1713
1098 2320 1243 2405 152,
1276 2321 1376 2385 74.
1441 2327 1633 2386 οἴνου
1677 2322 1996 2405 κεράμιον
2055 2318 2293 2385 Abrax.
2346 2321 2490 2399 179,
2524 2322 2581 2385 7.
2636 2317 2818 2397 οἶνος
2864 2321 3033 2387 ἀθά-

419 2427 659 2497 λασσος
714 2420 798 2483 ib.
852 2419 996 2502 171,
1033 2419 1147 2503 21,
1208 2419 1353 2503 172,
1386 2419 1485 2484 13.
1543 2419 1621 2484 cf.
1664 2419 1812 2503 181,
1841 2419 1987 2502 2sq.
2035 2414 2217 2494 οἶνος
2272 2419 2632 2501 Αἰγύπτιος
2677 2418 2882 2482 Wess.
2924 2419 3030 2484 Gr.

418 2519 539 2583 ZP.
581 2517 685 2601 80,
714 2517 909 2580 2371.
959 2512 1145 2592 οἶνος
1191 2517 1573 2593 ἀθάλασσος
1620 2517 1991 2600 Αἰγύπτιος
2035 2514 2191 2580 Abr.
2232 2516 2382 2599 204,
2410 2515 2468 2581 3.
2535 2512 2718 2593 οἶνος
2763 2519 3033 2601 Μενδή-

418 2636 559 2695 σιος
604 2616 811 2679 Wess
851 2613 956 2679 Gr.
996 2613 1117 2679 ZP.
1155 2614 1261 2699 40,
1295 2615 1439 2679 768.
1489 2615 1768 2699 Parthey
1803 2615 1949 2698 122,
1970 2613 2055 2679 85
2069 2637 2160 2699 sq.
2198 2612 2306 2702 (cf.
2325 2614 2493 2678 infra
2519 2638 2580 2698 p.
2609 2611 2744 2702 47.)
2792 2614 3030 2681 σπένδε

420 2719 589 2800 γάλα
634 2713 783 2799 μέλι
824 2709 1014 2779 οἶνον
1052 2715 1278 2779 ἔλαιον
1314 2713 1521 2778 Wess.
1562 2713 1669 2778 Gr.
1697 2712 1819 2777 ZP.
1853 2712 1955 2798 75,
1982 2712 2261 2797 2192811.
2310 2713 2479 2796 γάλα
2525 2708 2715 2778 οἶνον
2761 2713 3029 2798 ὕδωρ...

420 2813 660 2880 σπένδε
705 2812 947 2877 Abrax.
986 2810 1135 2895 204,
1163 2811 1224 2876 4.
1272 2813 1572 2896 σπονδὴν
1617 2809 1948 2895 τέλε[σο]ν
2001 2809 2130 2874 ἀπὸ
2180 2815 2373 2875 οἴνου
2432 2809 2542 2875 καὶ
2598 2808 2859 2894 μέλιτος
2919 2809 3030 2880 καὶ

430 2913 752 2996 γάλακτος
814 2907 925 2975 καὶ
991 2908 1276 2995 ὀμβρίου
1353 2909 1598 2985 ὕδατος
1660 2907 1942 2991 Parthey
2012 2907 2167 2992 128,
2214 2906 2344 2971 286
2359 2931 2451 2992 sq.
2516 2908 2594 2972 cf.
2668 2907 2849 2972 Riess
2897 2931 2943 2972 s.
2992 2932 3031 2973 v

417 3009 680 3095 Abergl.
719 3009 804 3072 66
818 3031 908 3092 sq.

594 3106 706 3171 1Π.
755 3106 825 3171 ἐκ
889 3115 1011 3170 τοῦ
1057 3105 1396 3191 τριβώμου
1442 3100 1596 3193 ἆραι
1651 3108 1933 3182 κόκκους
1987 3107 2347 3191 στροβίλου
2401 3103 2512 3170 καὶ
2571 3115 2813 3190 φαγεῖν
2869 3107 3030 3189 μετὰ

418 3206 680 3291 μέλιτος
736 3202 843 3269 ἐπὶ
902 3215 1078 3290 τρεῖς
1133 3202 1394 3290 ἡμέρας.
1467 3207 1694 3269 κόκκοι
1749 3207 2134 3289 στροβίλου,
2192 3203 2247 3265 si
2293 3204 2363 3266 in
2416 3225 2526 3266 ara
2580 3204 2778 3285 positi
2833 3208 3031 3286 erant,

422 3304 723 3369 videlicet
787 3300 1172 3384 Aesculapio
1221 3302 1759 3366 sacrificabantur.
1824 3304 2172 3387 στρόβιλος
2227 3305 2324 3364 est
2368 3301 2584 3385 pinea,
2637 3323 2769 3364 nux
2824 3301 3034 3384 pinuS,

421 3399 990 3482 ‘Fichtenzapfen'.
1079 3397 1501 3482 Aesculapius
1540 3398 1879 3481 Sicyonius
1917 3420 1955 3460 a
1994 3397 2318 3462 Calamide
2355 3398 2563 3462 factus
2599 3397 2800 3462 altera
2837 3421 3030 3463 manu

420 3501 680 3584 pineam
754 3496 1015 3562 tenebat
1029 3494 1097 3583 1).
1208 3493 1314 3559 Ad
1377 3500 1791 3559 monumenta
1862 3495 2034 3579 quod
2104 3496 2363 3578 attinet,
2432 3496 2509 3558 cf.
2574 3494 3030 3559 Thraemerum

419 3599 488 3661 in
533 3595 844 3661 Roscheri
900 3595 1021 3660 lex.
1070 3593 1274 3678 myth.
1321 3616 1368 3658 s.
1411 3617 1468 3658 v.
1514 3591 1860 3676 Asklepios
1907 3615 1967 3675 p.
2015 3591 2163 3655 628.
2256 3590 2508 3656 Corona
2561 3593 2750 3676 pinea
2806 3598 3031 3658 ornata

424 3701 521 3762 est
584 3717 784 3780 parva
848 3698 1061 3758 statua
1124 3690 1495 3774 Aesculapii
1559 3691 2019 3774 Berolinensis,
2083 3712 2139 3753 v.
2196 3688 2542 3754 Thraemer
2604 3689 3029 3773 Pauly-Wiss.

423 3819 484 3879 p.
516 3795 706 3859 1681.
808 3791 885 3856 Ι11
930 3791 1142 3877 Longi
1195 3789 1636 3855 Pastoralibus
1689 3788 1886 3852 Panis
1940 3791 2152 3852 statua
2207 3788 2326 3851 sub
2381 3788 2539 3872 pinu
2593 3789 2805 3872 posita
2851 3793 2947 3853 est
2960 3786 3028 3875 2).

420 3892 737 3957 Attendas
795 3890 1037 3955 Panem
1096 3889 1230 3953 fere
1296 3889 1566 3952 eundem
1622 3909 1758 3952 esse
1822 3907 1898 3950 ac
1957 3885 2251 3949 Faunum
2263 3883 2342 3972 3),
2406 3887 2509 3949 cui
2564 3886 3029 3951 incubaverunt

418 3990 635 4056 Numa
681 3993 746 4053 et
790 3988 1075 4052 Latinus.
1168 3988 1391 4069 „pinus
1440 3990 1628 4069 yrata
1681 3988 1861 4050 deum
1913 3986 2140 4049 mabri“
2187 3982 2302 4047 0v.
2339 3983 2490 4047 Met.
2528 3983 2589 4047 X
2632 3983 2756 4049 103
2770 4007 2861 4068 sq.
2952 3983 3029 4049 In

424 4086 955 4169 Thesmophoriis
1017 4085 1432 4169 λαμβάνουσι
1470 4132 1484 4148 .
1524 4133 1538 4147 .
1576 4084 1797 4148 κώνου
1847 4080 1960 4169 (=
1991 4079 2377 4169 στροβίλου)
2433 4085 2732 4159 θαλλοὺς
2785 4085 2898 4148 διὰ
2952 4085 3027 4148 τὸ

314 4228 325 4240 -
421 4187 804 4269 πολύγονον
838 4192 959 4248 τοῦ
997 4192 1234 4267 φυτοῦ.
1275 4181 1709 4267 ἐμβάλλονται
1747 4176 1823 4245 δὲ
1858 4179 1968 4244 καὶ
2006 4181 2101 4256 εἰς
2136 4181 2217 4244 τὰ
2252 4177 2505 4266 μέγαρα
2542 4180 2755 4257 οὕτως
2789 4181 3028 4246 καλού-

604 4381 655 4447 1)
691 4376 853 4430 Pane.
884 4375 936 4428 H
965 4380 1049 4444 10,
1079 4379 1136 4430 3:
1177 4375 1284 4445 ἔχει
1323 4373 1386 4429 δὲ
1424 4374 1476 4446 (ὁ
1512 4373 1669 4443 θεὸς)
1708 4417 1719 4428 .
1762 4415 1774 4427 .
1818 4416 1828 4426 .
1869 4371 1961 4426 ἐπὶ
1997 4380 2097 4441 τῆς
2132 4369 2323 4439 ἑτέρας
2357 4374 2541 4443 χειρὸς
2575 4370 2773 4434 πίτυος
2806 4372 3025 4439 καρπὸν

421 4468 519 4529 τῆς
554 4455 776 4529 ἡμέρου.

601 4532 654 4598 2)
692 4529 918 4597 Longus
955 4526 1007 4579 Π
1036 4530 1121 4595 24,
1142 4531 1173 4580 2
1211 4545 1263 4596 p.
1296 4531 1417 4595 275,
1441 4531 1506 4579 17
1542 4524 1807 4579 Hercher.

602 4611 654 4678 3)
691 4606 1005 4661 Maenalius
1054 4606 1192 4661 deus
1240 4607 1309 4660 de
1354 4606 1548 4662 Fauno
1605 4605 1700 4661 Ov.
1748 4605 1899 4658 Fast.
1948 4603 2024 4655 IV
2063 4609 2183 4657 650.
2257 4603 2572 4657 Maenalius
2618 4628 2685 4647 =
2732 4599 3022 4672 Arcadius,

422 4689 664 4745 Arcadia
700 4687 884 4742 Panis,
