3611 5264
561 350 645 413 74
1684 348 1867 418 Caput
1903 349 1994 403 lv.

554 513 777 577 οἴκαδε
792 510 841 600 1)
908 513 1022 596 20,
1059 513 1208 578 458.
1319 514 1407 590 ὡς
1481 510 1555 578 δὲ
1630 510 1940 597 ἐπέμενεν
2020 516 2270 599 χρόνον
2354 513 2586 578 ἰκανὸν
2665 510 2774 577 καὶ
2853 511 3166 597 οὐδεμιᾶς

555 609 912 693 ἐτύγχανεν
959 610 1381 694 ἐπισκέψεως,
1427 610 1613 687 τέλος
1659 610 1953 690 ἐξελθὼν
1995 608 2213 697 κτλ.2).
2277 610 2557 675 Videtur
2588 610 2817 675 tertius
2865 611 2999 675 dies
3046 612 3167 675 hae

553 708 622 772 in
666 731 735 772 re
781 709 1101 792 quandam
1147 709 1447 774 habuisse
1484 709 2040 795 significationem,
2088 709 2261 793 quod
2307 731 2453 775 eum
2498 709 2748 774 numeri
2795 709 2836 772 3
2882 709 2949 773 vi
2994 712 3164 774 certe

556 807 1028 890 quodammodo
1076 806 1464 895 cohaeret3):
1519 816 1598 893 τῇ
1656 804 1731 873 δὲ
1775 806 1986 894 ἡμέρᾳ
2040 816 2119 894 τῇ
2173 810 2395 893 τρίτῃ
2442 806 2819 883 ἐπιστάντες
2873 806 2978 889 23,
3014 806 3163 871 474.

549 905 606 969 Ε
639 903 789 989 Cyri
827 910 891 970 et
926 904 1187 971 Ioannis
1224 905 1549 971 miraculis
1585 905 1910 971 notaveris
1947 906 2129 971 haee:
2176 917 2388 988 τρεῖς
2423 913 2592 988 γοῦν
2635 905 2807 971 οὕτω
2846 906 3165 982 διανύσας

553 1001 798 1088 ἡμέρας
826 1004 862 1069 ὁ
892 1007 1131 1081 ἅθλιος
1166 1010 1299 1069 κτλ.
1348 1004 1453 1088 32,
1476 1005 1649 1070 3529
1669 1003 1742 1068 Β.
1789 1015 2146 1090 τριταῖος
2182 1004 2257 1069 τὸ
2294 1014 2438 1088 φῶς
2473 1014 2614 1080 τοῖς
2650 1005 2937 1087 ὄμμασιν
2983 1005 3163 1086 ἔβλε-

549 1122 674 1166 πεν
720 1103 823 1185 37,
862 1101 1038 1166 3564
1058 1100 1145 1187 Α,
1192 1103 1269 1167 ef.
1309 1103 1392 1168 ib.
1431 1103 1509 1168 D.
1564 1112 1775 1188 τρεῖς
1821 1104 1948 1186 γὰρ
1994 1104 2202 1186 μόνας
2245 1099 2490 1187 ἡμέρας
2534 1111 2674 1177 τοῖς
2718 1099 2933 1183 ἁγίοις
2980 1098 3163 1179 εὐξά-

549 1222 746 1282 μενος
801 1200 895 1275 εἰς
948 1200 1235 1285 λουτρὸν
1291 1199 1519 1266 ἐλθεῖν
1573 1198 2046 1285 προσετάττετο
2101 1198 2216 1282 52,
2264 1199 2436 1265 3617
2463 1198 2528 1264 C.
2611 1198 2990 1275 ἐπιστάντες
3037 1194 3166 1264 οὗν

551 1297 731 1384 αὐτῷ
786 1295 933 1361 καθ’
995 1297 1251 1374 ὕπνους
1306 1297 1670 1383 ἀμφότεροι
1722 1297 1976 1385 (τρίτη
2033 1294 2106 1361 δὲ
2160 1296 2201 1379 ἡ
2247 1298 2370 1374 νὺξ,
2430 1295 2543 1381 ἀφ’
2609 1292 2686 1379 ἧς
2737 1295 3159 1383 παρεγένετο)

555 1395 655 1477 70,
695 1395 868 1459 3668
890 1395 961 1459 Β.
1011 1396 1089 1460 ef.
1139 1397 1241 1479 31,
1271 1395 1447 1460 3524
1466 1394 1543 1461 Α.
1563 1396 1635 1461 Β.
1693 1397 1797 1479 34,
1828 1394 2003 1459 3540
2022 1395 2094 1460 Β.
2151 1394 2256 1478 58,
2287 1393 2549 1459 36320.
2610 1395 2710 1478 70,
2740 1394 2914 1458 3669
2934 1394 3011 1459 D.
3101 1393 3158 1457 E

550 1491 822 1557 Theclae
882 1493 1207 1558 miraculis
1265 1493 1349 1581 (v.
1390 1494 1507 1559 sub
1544 1495 1588 1558 4
1633 1518 1694 1578 p.
1724 1495 1810 1558 98
1832 1492 1996 1580 sqq.)
2055 1494 2132 1558 cf.
2181 1516 2275 1557 ex.
2314 1514 2406 1578 gr.
2444 1516 2504 1576 p.
2548 1490 2700 1556 140:
2757 1493 2908 1557 οὔτε
2952 1504 3159 1577 τρεῖς

549 1590 697 1655 ὅλαι
745 1590 1122 1674 διεγένοντο
1160 1590 1416 1679 ἡμέραι,
1462 1591 1572 1658 καὶ
1609 1594 1969 1676 βαδίζουσα
2006 1596 2352 1674 καθῆλθεν
2389 1590 2428 1673 ἡ
2468 1592 2639 1673 γυνή
2677 1588 2787 1676 (so.
2818 1588 2961 1653 Aba
2998 1612 3159 1673 quae

500 1735 506 1741 -
547 1689 708 1770 pede
755 1688 1105 1772 laborabat,
1145 1690 1223 1754 ef.
1261 1714 1321 1774 p.
1365 1689 1538 1777 101).
1606 1688 1857 1754 Similia
1893 1690 2062 1774 apud
2098 1689 2475 1753 Medardum
2514 1688 2836 1753 observari
2871 1692 3160 1771 possunt,

544 1808 601 1850 v.
638 1809 699 1869 p.
738 1785 852 1871 593
899 1789 1068 1871 apud
1114 1788 1467 1853 Martinum
1513 1788 1625 1873 ib.3
1672 1789 1842 1872 apud
1888 1787 2312 1851 Maximinum
2357 1810 2417 1869 p.
2457 1785 2560 1850 60.

722 1884 940 1949 Etiam
988 1889 1168 1950 extra
1214 1887 1527 1970 templum
1576 1909 1763 1951 suum
1811 1909 1925 1970 per
1962 1908 2257 1951 somnum
2295 1888 2524 1950 sanant
2560 1886 2896 1968 martyres:
2942 1907 3160 1970 aegro-

546 1986 652 2047 tus
701 1984 961 2067 quidam
1006 1983 1364 2049 haereticus
1412 1984 1535 2050 ούκ
1582 1984 1939 2075 ἐτόλμησεν
1985 1986 2244 2049 ἔσωθεν
2289 1992 2410 2047 τοῦ
2458 1981 2733 2061 ἐνδόξου
2780 2032 2795 2047 .
2844 2035 2857 2047 .
2907 2034 2920 2047 .
2968 1989 3157 2049 οἴκου

550 2079 787 2146 ἑαυτὸν
834 2081 1210 2148 ἀνακλῖναι·
1269 2082 1434 2148 ἀλλὰ
1488 2083 1655 2168 πρὸς
1701 2090 1791 2169 τῷ
1849 2080 1967 2159 ἔξω
2028 2081 2318 2166 νάρθηκι
2367 2130 2382 2144 .
2429 2132 2442 2145 .
2490 2129 2504 2145 .
2559 2082 2682 2163 τὴν
2740 2081 3040 2166 πάροδον
3084 2082 3157 2147 έν

542 2178 735 2244 νυκτὶ
800 2178 1149 2247 ἐποιοῦντο
1208 2178 1494 2267 (saneti).
1593 2180 1971 2244 Haeretious
2029 2179 2353 2244 omittitur
2399 2230 2412 2243 .
2461 2230 2475 2242 .
2524 2230 2536 2242 .
2585 2178 2709 2243 δύο
2765 2174 2840 2243 δὲ
2893 2178 3158 2265 ἡμερῶν

547 2276 1040 2361 διαγενομένων
1087 2328 1102 2343 .
1152 2329 1164 2342 .
1214 2330 1227 2343 .
1274 2281 1628 2362 φαίνονται
1677 2277 1748 2342 ἐκ
1794 2275 2114 2362 δευτέρου
2160 2285 2251 2363 τῷ
2299 2277 2603 2363 αἱρετικῷ
2654 2327 2666 2340 .
2716 2327 2729 2340 .
2779 2328 2792 2340 .
2833 2325 2848 2340 .
2887 2328 2899 2340 .
2941 2328 2953 2341 .
2993 2276 3156 2359 ἐγεί-

543 2398 777 2458 ραντες
806 2428 819 2440 .
851 2427 863 2439 .
896 2427 909 2440 .
939 2375 1147 2441 αὐτὸν
1192 2376 1555 2462 ἀμφότεροι
1591 2376 2012 2440 καθεύδοντα
2048 2382 2560 2460 χειρουργοῢσιν
2596 2374 2802 2439 αὐτοῦ
2860 2372 3156 2459 ἀοράτως

541 2475 697 2548 τοὺς
756 2473 880 2538 δύο
941 2474 1209 2559 μηρούς.
1309 2472 1649 2557 Increpant
1705 2496 1857 2538 eum
1912 2473 2186 2557 denique
2239 2475 2429 2537 nocte
2486 2471 2778 2555 seq-uenti
2835 2471 3022 2536 abeat
3077 2496 3155 2537 ex

541 2592 738 2653 sacre,
791 2571 889 2654 17,
926 2571 1059 2635 414
1078 2593 1214 2656 sqq.

715 2668 793 2734 In
838 2670 1134 2736 domibus
1180 2671 1448 2755 privatis
1495 2674 1807 2755 apparent
1842 2694 1958 2754 per
1994 2692 2315 2735 somnum:
2362 2668 2602 2734 femina
2649 2668 2955 2754 quaedam
2995 2668 3153 2733 Lao-

540 2769 753 2834 diceae
798 2769 987 2857 ὕπνῳ
1032 2775 1501 2853 κατενεχθεῖσα
1547 2777 1626 2854 τῇ
1672 2768 1951 2855 ἐπιούσῃ
1998 2766 2191 2834 νυκτὶ
2250 2768 2373 2854 ὁρᾷ
2426 2769 2583 2843 τοὺς
2640 2767 2967 2851 μεγάλους
3006 2818 3026 2835 ..
3074 2817 3088 2830 .
3138 2818 3150 2831 .

503 2900 508 2903 -
542 2867 810 2952 ἰατροὺς
856 2918 869 2931 .
919 2919 932 2932 .
983 2918 995 2932 .
1044 2867 1116 2932 ἐν
1155 2859 1210 2955 ᾦ
1251 2867 1686 2933 έκτυποῦνται
1735 2870 2013 2951 σχήματι
2053 2917 2065 2932 .
2107 2918 2119 2931 .
2160 2917 2172 2931 .
2212 2863 2691 2950 έπιλαβομένης
2728 2862 2950 2949 ἑτέρας
2995 2888 3150 2928 νυκ-

538 2965 649 3040 τὸς
705 2965 775 3029 οἰ
824 2963 1014 3030 αὐτοὶ
1072 3016 1083 3029 .
1149 3016 1161 3030 .
1224 3016 1237 3029 .
1303 2962 1622 3049 φανέντες
1686 2964 1853 3049 αὐτῇ
1914 2963 1989 3028 ἐν
2050 2973 2129 3050 τῇ
2194 2964 2390 3051 ὁμοίᾳ
2450 2961 2581 3049 θέᾳ
2640 2960 2953 3044 λέγουσιν
3015 2967 3148 3027 κτλ.

542 3062 646 3143 28,
686 3062 816 3125 514
836 3084 927 3146 sq.
1000 3061 1286 3127 Invitant
1332 3066 1685 3147 aegrotum,
1731 3066 1807 3127 ut
1842 3061 2157 3145 templum
2195 3083 2382 3126 suum
2428 3060 2862 3146 adgrediatur:
2906 3066 3153 3145 θεωρεῖ

537 3161 692 3234 τοὺς
720 3158 952 3241 ἁγίους
988 3157 1139 3224 καθ’
1188 3160 1406 3226 ὕπνον
1442 3159 1756 3244 λέγοντας
1794 3160 1998 3248 αὐτῷ·
2030 3161 2231 3245 δεῦρο
2267 3160 2436 3246 πρὸς
2461 3158 2632 3243 ἡμᾶς
2667 3156 2775 3224 καὶ
2818 3154 3147 3244 ἰαθήσῃ4).

538 3256 857 3340 Mulieris,
924 3280 1085 3340 quae
1151 3258 1279 3321 iam
1344 3258 1523 3323 adest
1585 3258 1655 3323 in
1716 3262 2072 3343 martyrum
2133 3280 2311 3324 sacro
2325 3309 2343 3341 ,
2407 3257 2727 3322 medicum
2798 3258 3147 3321 arcessunt:

537 3358 891 3438 φαίνονται
936 3353 1077 3420 κατ’
1123 3357 1287 3442 ὄναρ
1335 3365 1425 3443 τῷ
1466 3360 1747 3440 συνήθει
1795 3357 1997 3441 αὐτῆς
2045 3357 2246 3444 ἰατρῷ
2297 3353 2623 3438 λέγοντες·
2664 3355 2722 3419 εἰ
2766 3352 2990 3429 θέλεις
3032 3361 3148 3418 θε-

537 3461 859 3534 ραπεῦσαι
904 3454 1027 3537 τὴν
1071 3464 1377 3538 γυναῖκα,
1423 3456 1671 3519 ἄπελθε
1721 3454 1794 3519 έν
1844 3446 1895 3541 ᾧ
1931 3463 2060 3519 νῦν
2108 3453 2288 3519 ἐστιν
2324 3454 2491 3542 ἁγίῳ
2531 3459 2688 3541 οἴκφ
2736 3452 2841 3534 26,
2869 3451 3018 3516 492.

713 3550 889 3637 ὕπαρ
933 3556 1244 3635 apparent
1280 3553 1510 3617 saneti:
1547 3550 1905 3636 μέλλοντος
1940 3552 2016 3617 ἐν
2051 3561 2142 3640 τῷ
2172 3555 2495 3639 πλοιαρίῳ
2535 3549 2807 3622 εἰσιέναι
2843 3546 2994 3635 περὶ
3031 3550 3148 3626 τὰς

538 3650 792 3732 δυσμάς
837 3659 957 3714 τοῦ
1003 3649 1200 3733 ἡλίου
1247 3650 1824 3734 συντυγχάνουσιν
1869 3649 2047 3735 αὐτῷ
2096 3650 2166 3715 οἰ
2206 3648 2466 3727 ἔνδοξοι
2512 3650 2736 3731 ἅγιοι.
2778 3699 2790 3712 .
2830 3699 2844 3712 .
2882 3647 2957 3712 ἐν
2992 3649 3146 3731 σχή-

533 3769 685 3829 ματι
753 3746 835 3811 οὐ
904 3756 994 3834 τῷ
1057 3749 1327 3812 εἰωθότι
1397 3746 1623 3823 αὐτοῖς
1688 3745 1795 3833 (of.
1842 3771 1903 3830 p.
1946 3744 2057 3832 73)
2128 3748 2183 3830 1,
2221 3747 2369 3812 308.
2469 3746 2567 3810 De
2628 3745 2800 3809 mirr.
2858 3745 2958 3827 12,
2987 3745 3145 3828 388;

538 3844 638 3926 18,
675 3842 805 3909 426
852 3869 909 3909 v.
947 3869 1007 3929 p.
1051 3844 1151 3909 73.
1226 3847 1751 3930 παραγενόμενοι
1798 3844 1872 3909 έν
1918 3846 2226 3928 αἰσθήσει
2270 3843 2381 3910 καὶ
2426 3846 2849 3929 πληροφορίᾳ
2884 3842 3145 3926 ὀφθαλ-

532 3954 849 4026 μοφανῶς
904 3942 1110 4007 αὐτὸν
1165 3940 1682 4028 έχειρούργησαν
1728 3991 1743 4006 .
1793 3994 1805 4006 .
1856 3993 1868 4007 .
1916 3943 2006 4019 ὡς
2061 3945 2213 4028 ἄχρι
2266 3950 2382 4026 τῆς
2437 3944 2726 4026 σήμερον
2780 3942 3143 4024 φαίνεσθαι

538 4039 660 4120 τὴν
707 4039 914 4122 οὐλὴν
960 4049 1074 4123 τῆς
1118 4043 1539 4125 χειρουργίας
1584 4040 1805 4105 αὐτῶν
1853 4041 1958 4124 29,
1986 4040 2135 4105 530.
2208 4040 2504 4119 „Cosmas
2551 4090 2563 4104 .
2613 4091 2626 4103 .
2678 4090 2689 4103 .
2737 4039 2986 4103 advenit
3022 4090 3034 4102 .
3075 4089 3088 4102 .
3128 4089 3142 4102 .

532 4157 672 4199 cum
716 4157 844 4200 non
888 4143 1038 4202 esset
1080 4139 1290 4204 ilbasio
1334 4158 1443 4201 nec
1488 4138 1857 4202 dormirem“
1903 4136 1980 4203 A.
2021 4162 2067 4203 s.
2105 4162 2166 4222 p.
2203 4139 2353 4221 461,
2387 4138 2530 4202 186.

714 4231 943 4298 Subito
989 4240 1301 4319 martyres
1357 4239 1766 4300 evanescunt:
1814 4234 1924 4301 καὶ
1979 4236 2240 4321 ἀφανὴς
2294 4234 2567 4319 γέγονεν
2624 4232 2815 4321 (alter
2867 4230 3140 4319 martyr)

537 4331 636 4413 12,
666 4330 813 4395 390.
879 4330 989 4396 καὶ
1036 4332 1313 4417 ἀφανεῖς
1358 4336 1712 4417 γεγόνασιν
1757 4332 1865 4398 ἀπ’
1921 4334 2128 4400 αὐτοῦ
2179 4333 2279 4417 18,
2306 4332 2456 4398 434.

530 4440 689 4447 -.ῃ-.-
695 4441 955 4447 ————--

713 4491 763 4555 1)
801 4487 995 4543 οἴκαδε
1032 4505 1138 4543 om.
1177 4488 1343 4544 Vind.

710 4571 763 4637 2)
801 4569 846 4622 E
884 4569 1003 4624 cod.
1035 4568 1201 4625 Vind.
1232 4570 1300 4623 of.
1331 4570 1395 4625 A.
1427 4589 1468 4627 s.
1497 4590 1550 4640 p.
1581 4578 1702 4641 460,
1734 4577 1862 4639 1763
1899 4569 2106 4625 Dehnii
2142 4572 2306 4625 notas
2342 4590 2395 4641 p.
2427 4570 2674 4624 XXXIII.

708 4652 764 4799 ἓξ
799 4649 870 4781 {f
884 4654 1284 4786 ἅᾶὸγνίἶᾱοὶ).
1314 4729 1381 4785 cf.
1412 4730 1476 4784 A
1509 4747 1548 4784 s.
1578 4749 1632 4801 p.
1662 4736 1785 4801 460,
1817 4736 1945 4800 176;
1983 4729 2190 4786 Dehnii
2226 4733 2391 4786 notas
2427 4749 2482 4800 p.
2513 4729 2761 4786 XXXIII.
