3611 5264
1296 332 1379 386 De
1416 330 1781 387 incubatione
1821 331 2144 386 christiana.
2950 331 3036 396 95

421 514 627 582 μασιν
654 499 909 583 ἔχομεν,
939 497 1068 583 ἄρα
1095 497 1380 582 Χριστὸς
1416 496 1676 582 δωρεὰν
1704 492 2045 561 ἀπέθανεν
2071 495 2342 579 ὀλίγους
2378 496 2584 561 αὐτοῦ
2620 507 2757 561 τῶν
2798 504 3042 562 παθῶν

423 598 791 672 κοινωνοὺς
836 596 1280 680 ποιησάμενος
1317 644 1332 659 .
1379 643 1393 658 .
1442 644 1456 657 .
1504 595 1567 659 εἰ
1608 596 1736 680 γὰρ
1782 592 1893 658 καὶ
1940 590 2093 678 μηδ’
2149 593 2318 671 ὅλως
2365 592 2537 660 εἰσὶν
2580 595 3038 680 ὑπομνήματα,

418 694 531 758 ’ἴνα
595 692 724 759 καὶ
789 695 930 777 τὴν
995 697 1403 779 Κυρίλλου
1464 692 1785 778 παρήσω
1852 689 2210 769 διάλεξιν
2273 693 2356 757 τὸ
2420 701 2574 757 πᾶν
2636 692 3040 779 ἀρκοῦσαν

416 789 998 875 πιστώσασθαι,
1045 792 1125 856 τὰ
1171 793 1329 867 τοὺς
1374 790 1636 874 ἀγῶνας
1680 800 1817 855 τῶν
1863 789 2074 872 ἁγίων
2109 791 2519 876 κηρύττοντα
2563 789 2672 856 καὶ
2719 793 2843 875 τὴν
2885 797 3039 875 κλῆ-

419 907 531 954 σιν
590 889 812 954 αύτῶν
864 889 1365 972 ὑποφαίνοντα,
1423 888 1498 952 τὸ
1558 893 1821 971 πλῆθος
1876 887 2078 974 ἐχρῆν
2131 898 2268 953 τῶν
2327 890 2679 974 δυνάμεων
2740 901 2875 955 τῶν
2937 888 3029 955 δι’

420 987 643 1052 αὐτῶν
688 987 1124 1064 ἀδιαλείπτως
1179 989 1539 1071 γινόμενον
1600 984 1670 1073 (l.
1717 984 2121 1073 γινομένων)
2177 998 2542 1073 παρασχεῖν
2596 988 2822 1065 αὐτοῖς
2875 1013 3040 1075 μαρ-

415 1086 639 1171 τύρων
681 1086 1023 1169 ὑπόληψιν
1064 1090 1201 1150 κτλ.
1294 1083 1542 1160 Quibus
1605 1107 1638 1149 e
1692 1084 1908 1149 verbis
1969 1089 2239 1168 apparet
2293 1085 2496 1150 fuisse
2550 1086 2871 1171 homines,
2928 1088 3038 1169 qui

422 1181 660 1267 Cyrum
708 1187 771 1248 et
817 1181 1123 1248 Ioannem
1169 1186 1486 1266 martyres
1543 1204 1679 1248 esse
1724 1204 1859 1247 non
1914 1182 2275 1269 crederent,
2335 1183 2508 1266 quod
2561 1205 2714 1248 vero
2771 1186 3037 1248 maximi

415 1281 756 1346 momenti:
800 1281 981 1345 nulla
1027 1281 1348 1346 exstitisse
1405 1281 1482 1346 de
1539 1284 1907 1346 sanctorum
1962 1280 2222 1345 illorum
2281 1282 2592 1365 martyrio
2659 1282 3039 1348 documenta

414 1384 671 1463 praeter
733 1402 837 1444 eas
901 1401 1059 1462 quas
1123 1377 1405 1463 Cyrillus
1463 1380 1800 1465 episcopus
1860 1378 2090 1444 habuit
2152 1380 2489 1445 orationes.
2582 1379 2768 1456 Quod
2822 1386 3040 1445 tamen

413 1500 626 1542 rerum
674 1478 933 1543 eventui
980 1499 1110 1542 von
1157 1477 1444 1542 obfuisse
1492 1501 1688 1562 supra
1728 1477 2027 1542 vidimus,

591 1576 938 1641 Probabile
998 1575 1256 1640 videtur
1318 1574 1556 1659 Cyrum
1618 1579 1683 1641 et
1743 1573 2050 1640 Ioannem
2106 1579 2422 1660 martyres
2489 1576 2569 1639 ad
2640 1575 2906 1643 Cosmae
2972 1581 3036 1642 et

412 1674 713 1740 Damiani
759 1674 1126 1758 exemplum
1173 1696 1311 1739 esse
1358 1675 1765 1739 constitutos.
1853 1672 2140 1749 Quorum
2190 1678 2559 1739 sanctorum
2608 1696 2799 1757 quam
2844 1679 3035 1741 notae

411 1774 653 1838 fuerint
708 1774 1070 1838 curationes
1129 1795 1161 1837 e
1222 1772 1569 1857 Sophronii
1631 1771 1960 1838 miraculis
2017 1771 2121 1855 30,
2152 1771 2329 1836 3520
2350 1771 2397 1837 C
2445 1774 2748 1859 cognosci
2802 1778 3035 1858 potest,

413 1870 526 1935 ubi
572 1870 946 1938 delectabile
993 1870 1155 1935 illud
1202 1872 1466 1936 affertur
1508 1878 1740 1956 θαῦμα
1802 1869 1878 1934 de
1934 1870 2201 1935 muliere
2248 1875 2427 1935 muta
2481 1875 2545 1935 et
2599 1872 2740 1936 viro
2786 1872 3038 1957 paraly-

411 1969 540 2032 tico
601 1993 660 2054 p.
704 1970 787 2033 72
844 1992 882 2033 a
939 1970 1127 2035 nobis
1194 1972 1783 2034 commemoratum.
1892 1967 2138 2033 Eodem
2201 1969 2342 2035 loco
2409 1968 2702 2035 clarescit
2771 1972 3033 2036 omnino

410 2066 604 2132 huius
650 2066 824 2132 illius
872 2072 1239 2133 sanctorum
1297 2068 1472 2152 paris
1528 2066 1849 2131 miracula
1891 2066 2061 2131 inter
2119 2089 2186 2132 se
2241 2069 2508 2133 confusa
2563 2091 2725 2152 esse,
2782 2090 2907 2151 qua
2965 2093 3034 2134 re

410 2168 645 2229 natura
700 2188 921 2230 eorum
978 2170 1170 2250 atque
1240 2166 1488 2232 indoles
1544 2165 1753 2230 denuo
1827 2166 2070 2249 optime
2134 2165 2519 2230 illustratur:
2576 2165 2739 2250 φασὶ
2796 2164 2870 2233 δὲ
2924 2167 3033 2233 καὶ

369 2266 693 2349 ·Κοσμᾶν
762 2264 872 2329 καὶ
946 2267 1302 2350 Δαμιανὸν
1364 2268 1522 2342 τοὺς
1602 2263 1837 2347 ἁγίους
1911 2267 2311 2349 συνιατροὺς
2373 2262 2484 2328 καὶ
2562 2265 3034 2350 συμμάρτυρας

408 2365 717 2428 τοιοῦτόν
771 2387 833 2427 τι
889 2362 1379 2449 διαπράξασθαι
1437 2362 1681 2450 (actum
1738 2365 1836 2426 est
1894 2361 1971 2425 de
2036 2359 2209 2426 Gesii
2264 2360 2496 2425 medici
2550 2362 2906 2445 curatione,
2953 2364 3031 2427 cf.

408 2482 467 2543 p.
509 2458 654 2546 87),
719 2462 939 2543 ὥσπερ
1002 2459 1112 2525 καὶ
1174 2470 1296 2525 τοῦ
1365 2457 1654 2545 παρέτου
1708 2457 1819 2525 καὶ
1875 2467 1990 2542 τῆς
2060 2457 2311 2523 ἀλάλου
2376 2463 2709 2542 γυναικός.
2765 2460 2845 2524 ού
2900 2461 3033 2545 μὴν

412 2557 580 2622 ἀλλὰ
626 2555 736 2623 καὶ
782 2559 857 2622 τὸ
906 2566 1019 2643 τῆς
1055 2557 1365 2645 Ἑβραίας
1409 2552 1524 2641 τῆς
1572 2556 1848 2642 ἐχούσης
1893 2556 2015 2621 τὸν
2050 2559 2372 2643 καρκίνον
2409 2559 2534 2622 ἔσω
2572 2561 3033 2645 κρυπτόμενον

410 2658 636 2742 Κῦρος
663 2653 772 2721 καὶ
805 2653 1115 2739 Ἰωάννης
1150 2656 1542 2747 πεπράχασι,
1579 2657 1744 2742 ἅπερ
1783 2653 2022 2720 πολλοὶ
2061 2656 2149 2731 ὡς
2186 2651 2349 2740 χθὲς
2389 2660 2710 2740 γεγονότα
2745 2656 3031 2742 με’μνην-

407 2777 513 2817 ται
559 2751 670 2818 καὶ
714 2754 1175 2839 κηρύττουσιν.
1229 2752 1397 2818 ἀλλὰ
1443 2763 1648 2818 ταῦτα
1702 2750 1827 2838 μὲν
1881 2754 1972 2829 ὡς
2025 2750 2153 2817 καὶ
2207 2764 2373 2830 τοῖς
2428 2753 2756 2820 ἐκείνων
2811 2754 3029 2838 ἐγγε-

407 2850 815 2938 γραμμένα
858 2852 1213 2936 θαύμασι
1266 2852 1810 2938 παρεδράμομεν,
1857 2851 1930 2915 τὸ
1987 2850 2208 2936 παρὸν
2263 2847 2337 2915 δὲ
2390 2853 2740 2938 τεράστιον
2794 2854 2883 2929 ὡς
2940 2855 3029 2938 μὴ

409 2946 670 3036 γραφὲν
716 2949 789 3015 ἐν
836 2950 1063 3026 αὐτοῖς
1105 2948 1293 3034 ἡμεῖς
1337 2948 1821 3036 ἀνεγράψαμεν.
1866 2947 1977 3014 καὶ
2020 2948 2411 3034 θαυμαζέτω
2449 2942 2679 3035 μηδεὶς
2726 2954 2787 3017 εἰ
2830 2951 3029 3036 ἀλλή-

412 3052 553 3125 λοις
600 3049 664 3113 οἱ
710 3049 889 3131 ἅγιοι
936 3050 1016 3113 τὰ
1063 3048 1228 3113 αὐτὰ
1284 3047 1795 3133 διαπράττοντες
1851 3045 1920 3134 (l.
1969 3045 2514 3135 διαπράττονται)
2569 3050 2908 3135 θαύματα·
2956 3050 3027 3116 ἐκ

407 3156 560 3230 μιᾶς
620 3147 748 3233 γὰρ
809 3155 1022 3230 πηγῆς
1082 3148 1310 3232 Κῦρός
1368 3169 1438 3211 τε
1495 3145 1605 3211 καὶ
1652 3144 1996 3230 Ἰωάννης,
2060 3148 2330 3230 Κοσμᾶς
2384 3170 2455 3211 τε
2517 3145 2626 3212 καὶ
2681 3138 3028 3233 Δαμιανὸς

410 3248 706 3328 Χριστοῦ
766 3255 886 3310 τοῦ
938 3251 1111 3311 Θεοῦ
1166 3245 1355 3330 ἡμῶν
1409 3243 1726 3331 ἀρύονται
1772 3245 1854 3309 τὰ
1902 3245 2143 3329 ἰάματα
2159 3242 2211 3331 1)
2257 3249 2391 3309 κτλ.
2484 3242 2711 3329 Itaque
2757 3247 3026 3311 miracu-

407 3339 543 3404 lum
594 3339 769 3406 Gresii
815 3343 1133 3408 curationi
1180 3342 1391 3406 simile
1437 3342 1519 3406 ad
1567 3341 1868 3406 Cosmam
1914 3364 2170 3426 quoque
2218 3345 2283 3405 et
2323 3342 2710 3408 Damianum
2748 3344 3022 3409 relatum

408 3443 523 3525 est,
571 3439 846 3504 alterum
899 3440 975 3504 de
1030 3440 1298 3505 muliere
1342 3439 1577 3505 Iudaea
1624 3440 1799 3525 quod
1844 3440 2086 3526 agitur,
2134 3461 2172 3503 a
2220 3439 2613 3528 Sophroni0‚
2660 3442 2811 3527 quia
2858 3444 3026 3507 inter
3126 3444 3137 3454 ’

413 3538 762 3602 eorundem
810 3543 1179 3604 sanctorum
1226 3538 1587 3604 curationes
1634 3543 1962 3623 receptum
2010 3541 2195 3625 esset,
2242 3539 2554 3603 omissum
2600 3541 2888 3624 profecto
2936 3541 3028 3604 in-

411 3636 667 3700 venitur
712 3638 884 3722 apud
929 3636 1518 3723 Wangnereckium
1563 3660 1623 3722 p.
1662 3637 1794 3700 314
1843 3637 1963 3700 sub
2010 3659 2104 3700 nr.
2144 3637 2203 3700 2.
2295 3633 2485 3701 Adici
2530 3641 2746 3722 potest
2802 3639 3025 3702 simili-

410 3734 699 3799 tudinem
730 3736 1050 3820 quandam
1091 3736 1285 3800 etiam
1325 3736 1493 3799 inter
1532 3734 1685 3818 Cyri
1721 3732 2110 3818 Ioannisque
2147 3734 2250 3798 52.
2290 3738 2355 3799 et
2394 3734 2662 3801 Cosmae
2698 3736 3026 3801 Damiani-

410 3854 532 3915 que
584 3833 681 3899 12.
730 3834 1122 3899 intercedere
1166 3833 1492 3898 miracula.
1575 3831 1747 3896 Illud
1785 3854 2041 3916 quoque
2077 3833 2351 3897 fortasse
2386 3833 2515 3898 huc
2550 3835 2773 3899 referri
2810 3840 3024 3918 potest

407 3929 656 3995 duobus
702 3931 861 3997 locis
923 3926 1231 3997 Ioannem
1280 3931 1432 4016 Cyri
1487 3931 1752 3995 fratrem
1809 3930 2120 4015 appellari
2132 3928 2202 4019 ²).
2295 3930 2480 4007 Quod
2535 3953 2685 3995 vero
2740 3933 3021 4018 graviori

407 4032 506 4092 est
551 4035 950 4117 argumento,
999 4030 1205 4115 Cyrus
1254 4035 1318 4095 et
1362 4028 1636 4094 Ioannes
1698 4029 1920 4092 eodem
1977 4051 2442 4115 anargyrorum
2498 4031 2879 4116 cognomine
2926 4054 3022 4095 or-

405 4130 659 4212 nantur,
707 4127 878 4211 quod
923 4129 1211 4213 ipsorum
1260 4128 1529 4195 Cosmae
1575 4132 1640 4192 et
1683 4127 1988 4191 Damiani
2035 4131 2172 4192 erat
2217 4128 2577 4214 proprium,
2624 4130 2863 4215 quippe
2910 4130 3022 4215 qui

402 4223 633 4310 gratiis
681 4230 977 4290 curarent
1022 4233 1337 4313 aegrotos.

404 4481 459 4534 t!
585 4404 635 4471 1)
675 4401 767 4456 Sic
813 4400 1337 4473 interpungendum.
1427 4401 1621 4474 Migne
1666 4403 1930 4473 praebetz
1989 4402 2072 4474 (ἐκ
2119 4409 2249 4473 μιᾶς
2299 4447 2307 4459 .
2352 4447 2361 4459 .
2405 4450 2415 4460 .
2454 4408 2717 4477 Χριστοῦ)
2762 4413 2860 4461 τοῦ
2901 4450 2910 4460 .
2953 4449 2964 4460 .
3006 4448 3016 4458 .

425 4502 634 4633 “adigi
673 4567 862 4631 Κῦρος
898 4564 1073 4626 εὐθὺς
1110 4562 1488 4634 ἀναφαίνεται
1521 4563 1797 4634 Ἰωάννην
1836 4566 1938 4620 σὺν
1985 4566 2135 4637 αὐτῷ
2180 4565 2281 4622 τὸν
2327 4567 2629 4636 ἀδελφὸν
2676 4564 3019 4636 ἐπαγόμενος

404 4643 720 4777 ξὸὸζὲἒξὲ
778 4648 965 4712 Κῦρος
1018 4638 1092 4713 ἦν
1152 4645 1183 4699 ὁ
1237 4643 1535 4708 θεσπέσιος
1581 4643 1859 4715 Ἰωάννην
1912 4644 2014 4700 τὸν
2077 4646 2381 4716 ἀδελφὸν
2435 4646 2621 4712 δεξιὸν
2675 4643 3020 4716 ἐπαγόμενος

476 4766 490 4793 ,
728 4766 737 4778 .
