3611 5264
1194 355 1278 408 De
1316 355 1562 410 carmine
1598 355 1870 425 Delphico
1906 356 2225 425 EuripideO.
2930 358 3011 422 51

404 516 562 581 satis
635 521 927 581 accurate
987 517 1293 582 iudicavit
1355 516 1745 604 Gerhardus,
1805 520 1917 604 qui
1979 520 2135 584 dicit
2187 519 2228 584 l.
2286 541 2332 585 s.
2390 519 2763 586 Themidem
2830 522 3017 606 plane

401 615 666 679 eandem
712 615 936 679 haberi
974 620 1164 699 atque
1205 615 1497 681 Cererem
1542 616 1812 700 Erinyn.
1893 615 2132 702 Agitur
2169 619 2341 683 enim
2376 619 2614 683 ibidem
2654 620 2730 683 de
2770 618 3016 684 Cereris

403 734 583 777 sacro
631 712 830 777 Oncei
885 714 952 778 in
997 711 1310 778 Arcadiae
1358 715 1596 799 oppido
1645 715 1787 801 sito,
1845 716 1948 803 cui
1996 716 2156 780 duae
2194 717 2415 781 insunt
2470 721 2720 782 statuae
2770 717 3017 783 Cereris

399 810 681 902 Erinyos
719 815 783 875 et
822 809 1068 876 Cereris
1105 812 1363 899 Lusias3
1407 817 1626 877 tamen
1672 813 1837 877 hanc
1882 813 2152 878 alteram
2199 815 2397 880 fuisse
2446 816 2601 879 dicit
2646 815 3017 903 PausaniaS,

403 931 564 992 quae
629 931 775 974 cum
849 908 1157 975 Themide
1221 911 1741 976 commisceretur
1754 909 1835 997 ¹),
1895 934 2100 996 neque
2170 935 2321 977 vero
2389 912 2682 979 Cererem
2749 914 3015 999 Erinyn.

404 1006 689 1082 Quacum
755 1029 904 1072 sane
973 1008 1269 1072 nonnihil
1317 1032 1652 1074 commune
1708 1009 1942 1073 habere
1998 1009 2373 1075 Themidem
2421 1033 2566 1076 cum
2622 1012 2661 1076 1.
2701 1034 2747 1075 3.
2794 1012 3016 1096 elucet,

402 1127 530 1188 quo
586 1105 746 1169 duae
793 1104 941 1169 illae
989 1109 1239 1170 statuae
1285 1111 1596 1191 apparent
1642 1107 2035 1193 coniunctae,
2073 1113 2213 1173 tum
2253 1111 2670 1174 confirmatur
2707 1132 3017 1174 memora-

400 1203 519 1266 bili
566 1203 795 1287 papyri
831 1204 1116 1289 magicae
1164 1204 1304 1268 loco
1352 1202 1590 1291 (WesS.
1631 1202 1734 1269 Gr.
1783 1205 1904 1269 ZP.
1949 1206 2092 1292 107,
2136 1205 2321 1294 195),
2368 1207 2480 1271 ubi
2533 1206 2798 1292 legitur:
2855 1206 3018 1294 (ἐπι-

400 1301 757 1388 καλοῦμαι)
803 1300 914 1367 καὶ
965 1300 1172 1385 Θέμιν
1217 1300 1328 1367 καὶ
1362 1301 1654 1390 Ἐρίνυν.

581 1397 656 1461 111
718 1399 999 1463 carmine
1059 1399 1411 1484 Euripideo
1473 1405 1782 1485 quattuor
1852 1406 2195 1487 occurrunt
2254 1403 2580 1485 potentiae
2647 1403 3015 1468 chthoniae:

402 1495 599 1560 Terra
645 1497 785 1581 ipsa
831 1495 1079 1585 (Γαῖα),
1124 1497 1403 1583 Python,
1449 1497 1731 1584 Themis,
1780 1498 2065 1585 Chthon,
2114 1522 2275 1584 quae
2321 1501 2428 1565 hic
2476 1502 2733 1584 quidem
2782 1502 3016 1566 discer-

401 1595 579 1659 nitur
615 1617 652 1658 a
688 1594 900 1659 Terra.
975 1594 1202 1681 Pugna
1240 1596 1408 1660 inter
1443 1594 1816 1681 Apollinem
1855 1601 1920 1661 et
1956 1596 2218 1661 Terram
2258 1598 2601 1661 commissa
2639 1597 3018 1680 dispertitur

403 1693 471 1756 in
515 1697 732 1777 partes
778 1697 937 1758 tres:
990 1692 1058 1780 l)
1104 1692 1365 1777 Python
1411 1695 1823 1780 interficitur,
1868 1694 2129 1760 Themis
2186 1696 2266 1759 ab
2316 1695 2572 1759 oraculo
2619 1699 3017 1780 removetur3

404 1788 475 1875 2)
523 1791 694 1855 victa
739 1789 936 1855 Terra
982 1791 1253 1856 rebellat
1299 1796 1685 1876 superatque
1730 1790 2130 1878 Apollinem,
2186 1791 2258 1880 3)
2304 1791 2597 1878 Iuppiter
2652 1816 2791 1857 eam
2840 1793 3018 1857 sedat

401 1887 900 1972 Apollinemque
947 1890 1248 1954 restituit.
1325 1889 1543 1953 Prima
1587 1894 1770 1974 parte
1820 1891 1979 1954 duae
2018 1890 2498 1976 coniunguntur
2534 1890 2809 1975 fabulae,
2856 1913 3018 1975 quae

405 1986 664 2070 proprie
703 1987 966 2051 eandem
998 2009 1133 2051 rem
1165 1987 1553 2072 exprimunt,
1589 1985 1971 2072 Apollineae
2010 1989 2255 2054 scilicet
2292 1988 2627 2075 religionis
2656 1989 3018 2074 victoriam3

405 2085 469 2147 id
520 2084 710 2170 quod,
759 2089 1070 2168 quantum
1121 2087 1281 2170 3010,
1327 2085 1455 2150 0110
1502 2085 1644 2150 1000
1691 2109 1825 2150 11011
1870 2088 2205 2171 reperitur
2296 2086 2467 2152 fflud
2515 2110 2770 2173 quoque
2827 2088 3019 2151 adno-

404 2183 671 2246 tandum
717 2184 888 2266 apud
933 2182 1329 2295 Aeschylum
1377 2187 1441 2247 et
1493 2182 1879 2248 Pausaniam
1938 2207 2056 2249 nec
2111 2185 2323 2250 minus
2381 2185 2448 2249 in
2504 2185 2715 2269 primo
2774 2185 3017 2294 hymno

405 2280 720 2390 Delphico
767 2278 1138 2365 Apollinem
1186 2281 1323 2345 sine
1369 2280 1504 2346 ullo
1560 2281 1731 2346 bello
1778 2281 2011 2347 Terrae
2058 2283 2316 2348 filiabus
2364 2283 2726 2367 succedere,
2773 2283 2842 2346 in
2888 2305 3018 2346 car—

404 2379 575 2442 mine
633 2383 848 2443 autem
903 2379 1260 2463 Euripideo
1318 2379 1615 2444 videlicet
1669 2380 1735 2443 vi
1790 2382 2107 2445 removeri
2161 2380 2537 2445 Themidem
2552 2378 2621 2467 2).
2714 2378 3021 2463 Sequitur

404 2481 586 2560 parte
633 2477 835 2541 altera
880 2476 1113 2541 Terrae
1159 2477 1444 2541 rebellio,
1539 2476 1798 2541 Chthon
1848 2479 2089 2542 emittit
2134 2479 2472 2562 phasmata
2533 2500 2647 2542 sua
2691 2475 3018 2562 Apollinis

407 2575 609 2640 cultui
656 2575 920 2661 eiusque
966 2575 1358 2640 vaticinandi
1413 2576 1538 2639 arti
1594 2575 1873 2640 maxime
1920 2576 2179 2662 infesta,
2237 2598 2398 2660 quae
2444 2598 2561 2660 per
2615 2575 2864 2641 somnia
2908 2575 3021 2640 ho-

408 2674 691 2737 minibus
731 2678 1083 2758 appareant
1119 2678 1313 2758 atque
1342 2674 1625 2738 indicent
1653 2675 1959 2737 futurum.
2035 2674 2200 2738 Tum
2239 2674 2379 2758 ipsa
2417 2674 2615 2738 Terra
2642 2671 2870 2761 (Γαῖα)
2918 2674 3020 2738 (10-

405 2772 604 2836 clarat
676 2775 1063 2855 potestatem
1148 2794 1327 2836 suam
1401 2776 1594 2855 atque
1668 2772 1897 2835 adimit
1968 2772 2246 2835 advenae
2325 2771 2654 2835 divinandi
2725 2772 3017 2835 honores,

406 2868 799 2934 Monendum
841 2874 1038 2953 atque
1100 2870 1515 2953 premendum
1565 2874 1661 2934 est
1715 2891 1848 2934 non
1909 2871 2046 2933 sine
2111 2890 2299 2934 causa
2353 2869 2616 2933 Terram
2676 2869 2885 2952 ipsam
2934 2907 3018 2915 —-

410 2965 644 3032 Gaeam
692 3006 776 3014 -—-
822 2966 1196 3053 Apollinem
1244 2968 1522 3053 vincere3
1578 2989 1727 3030 nam
1784 2967 1898 3031 1110
1951 2968 2316 3056 παμμήτωρ
2373 2968 2543 3032 inter
2598 2965 2861 3050 Olympi
2916 2968 3020 3031 ad-

312 3089 315 3094 ’
404 3068 719 3131 1101301103
768 3089 1091 3131 summum
1139 3066 1390 3131 obtinet
1426 3066 1658 3151 locum,
1706 3065 1808 3130 vel
1844 3066 2063 3149 potius
2102 3087 2211 3129 eos
2251 3086 2470 3129 omnes
2511 3065 2579 3129 in
2620 3088 2687 3130 30
2734 3066 3021 3130 continet

404 3165 597 3249 atque
627 3165 964 3251 coniungit
977 3163 1048 3252 ³).
1102 3164 1288 3230 Unus
1319 3164 1592 3248 denique
1621 3167 1824 3228 restat
1860 3165 2015 3229 deus
2044 3163 2363 3228 maximus
2395 3164 2679 3247 optimus
2708 3162 3018 3248 Iuppiter,

587 3395 638 3462 1)
661 3393 873 3447 Cereris
900 3391 1141 3462 Θεσμίας
1169 3393 1458 3448 cuiusdam
1490 3392 1763 3463 templum
1787 3395 2254 3447 commemoratur
2284 3392 2436 3461 apud
2461 3393 2700 3446 Pausan.
2722 3392 2851 3445 VIII
2870 3396 2952 3459 15,
2968 3396 3017 3447 4.

586 3476 639 3542 2)
675 3472 911 3541 Aliquid
949 3473 1132 3527 simile
1169 3474 1319 3528 inest
1347 3474 1516 3529 schol.
1547 3475 1746 3528 Aesch.
1778 3473 1936 3528 Eum.
1970 3479 2028 3527 2:
2069 3469 2355 3539 Πίνδαρός
2383 3489 2520 3541 φησι
2548 3473 2688 3539 πρὸς
2725 3468 2857 3543 βίαν
2885 3492 3020 3539 κρα-

405 3561 568 3623 τῆσαι
607 3555 844 3614 Πυθοῦς
877 3552 978 3608 τὸν
1009 3550 1342 3608 Ἀπόλλωνα·
1383 3554 1473 3607 διὸ
1511 3556 1607 3608 καὶ
1643 3563 1994 3622 ταρταρῶσαι
2023 3552 2197 3606 αὐτὸν
2226 3550 2398 3619 ἐζήτει
2428 3551 2464 3620 ἡ
2505 3555 2602 3620 Γῆ.
2661 3549 2770 3603 Η10
2798 3565 3020 3617 (1110(1110

406 3632 580 3686 Το110
618 3635 812 3686 contra
849 3631 1171 3701 Apollinem
1207 3633 1462 3687 rebellat.
1522 3633 1858 3702 Cetei-oquin
1885 3632 2041 3685 haud
2079 3647 2237 3685 secus
2266 3629 2653 3699 intellegenda
2691 3632 2837 3695 sunt,
2875 3645 3020 3696 quae

409 3712 629 3767 Servius
668 3713 740 3766 ad
778 3711 943 3783 Verg.
982 3713 1120 3767 Aen.
1151 3712 1230 3766 VI
1257 3718 1361 3766 580
1398 3713 1634 3782 profert:
1674 3719 1761 3780 „et
1786 3714 1975 3780 ferunt
2000 3713 2225 3779 fabulae
2257 3712 2489 3767 Titanas
2518 3712 2587 3765 ab
2617 3711 2803 3765 irata
2829 3715 3022 3763 contra

411 3794 535 3847 deos
576 3793 747 3847 Terra
784 3794 859 3847 ad
893 3794 1011 3848 eius
1046 3793 1307 3848 ultionem
1343 3800 1564 3861 creatOS,
1601 3796 1747 3848 unde
1784 3799 1835 3848 et
1885 3793 2108 3848 Titanes
2153 3793 2287 3846 dicti
2337 3796 2467 3845 sunt
2512 3790 2623 3844 ἀπὸ
2670 3798 2770 3859 τῆς
2814 3786 3020 3856 τίσεως,

406 3874 468 3927 id
503 3879 579 3928 est
615 3874 684 3926 ab
720 3874 978 3929 ultione‘fi
1055 3872 1323 3927 Titanum
1360 3889 1582 3942 quoque
1619 3873 1833 3927 bellum
1885 3875 2081 3927 contra
2116 3873 2303 3926 Iovem
2348 3874 2408 3924 et
2453 3870 2754 3939 Olympum
2799 3872 3022 3939 gestum

409 3953 645 4006 duarum
682 3952 1020 4022 religionum
1056 3953 1271 4007 bellum
1309 3952 1625 4023 significare
1662 3955 1830 4023 putat
1865 3951 2128 4023 Welcker
2166 3952 2257 4007 Gr.
2299 3950 2535 4006 Gotterl
2567 3950 2593 4003 I
2622 3954 2726 4003 265
2749 3967 2867 4018 sqq.

587 4037 641 4100 3)
679 4032 878 4100 Itaque
914 4033 1201 4087 refutandi
1239 4036 1386 4100 sunt,
1425 4032 1522 4102 qui
1560 4032 1730 4086 verba
1769 4037 1918 4087 Γαῖα
1956 4030 2017 4086 δὲ
2054 4050 2102 4085 v.
2137 4037 2271 4085 1267
2310 4033 2528 4084 mutare
2581 4028 2795 4086 volunt
2869 4031 3022 4085 Inter

410 4128 549 4181 quos
587 4110 1073 4182 WilamowitziuS,
1113 4113 1211 4182 qui
1251 4076 1402 4183 apud
1438 4112 1749 4166 Bruhnium
1795 4130 1984 4167 versus
2030 4111 2181 4165 inter
2227 4127 2285 4165 se
2330 4111 2731 4181 respondentes
2788 4116 2923 4164 1242
2964 4114 3021 4165 et

412 4198 547 4245 1267
587 4190 873 4247 ἀστάκτων
920 4192 1096 4263 μάτηρ
1142 4192 1367 4248 ὑδάτων
1412 4192 1518 4247 τὰν
1556 4224 1625 4233 -—
1661 4200 1764 4263 γᾶς
1810 4192 1977 4254 εὐνὰς
2015 4190 2281 4261 ἔφραζον·
2323 4200 2456 4261 γαῖα
2505 4189 2567 4245 δὲ
2607 4180 2798 4246 acrius
2837 4207 3021 4245 emen-

409 4273 612 4327 dabat:
651 4271 835 4341 priore
871 4289 1032 4326 versu
1069 4273 1294 4329 ὑδάτων
1332 4274 1590 4338 eiectum,
1627 4271 1732 4327 τὰν
1761 4272 1822 4325 111
1858 4280 2049 4342 παγᾶν
2085 4271 2381 4338 variatum,
2422 4270 2600 4326 altero
2639 4288 2740 4341 pro
2779 4270 3020 4340 ἔφραζον

411 4353 681 4423 scriptum
727 4351 918 4421 φράζε,
963 4370 1063 4423 pro
1110 4362 1245 4424 γαῖα
1284 4386 1351 4394 -
1388 4352 1574 4407 πάλιν.
1657 4352 1723 4404 Id
1768 4353 1920 4420 quod
1968 4351 2198 4406 concedi
2251 4369 2365 4406 non
2410 4355 2614 4421 potest.
2702 4352 2850 4405 Nam
2896 4368 3022 4404 cum

410 4450 513 4502 per
549 4450 608 4487 se
645 4432 737 4486 vix
764 4432 1058 4503 probabile
1085 4433 1308 4488 videtur
1334 4433 1393 4486 in
1423 4432 1672 4487 versibus
1710 4431 2181 4500 respondentibus
2217 4432 2312 4486 hic
2348 4431 2469 4487 illic
2495 4431 2659 4486 binas
2697 4446 2861 4486 voces
2899 4447 3019 4482 mu-

416 4513 547 4580 tari,
584 4516 706 4567 tum
735 4529 798 4567 eo
829 4512 1108 4567 cautiores
1135 4514 1243 4568 hoc
1279 4515 1402 4568 loco
1440 4531 1542 4568 nos
1581 4528 1701 4566 esse
1731 4511 1911 4580 decet,
1948 4512 2083 4581 quia
2110 4528 2300 4566 versus
2328 4512 2433 4579 illi,
2472 4513 2618 4566 sicut
2645 4512 2705 4565 in
2733 4509 3019 4564 codicibus

412 4596 542 4647 sunt
589 4594 829 4661 exarati,
879 4594 1117 4647 eundem
1161 4611 1454 4648 numerum
1501 4592 1771 4647 exhibent
1828 4609 2136 4648 morarum:
2192 4599 2328 4646 1242
2376 4639 2411 4647 -
2448 4615 2924 4647 --------
2952 4614 3019 4633 =

413 4678 445 4726 8
484 4672 735 4742 syllabae
783 4673 1013 4743 longae3
1069 4679 1204 4727 1267
1244 4699 1852 4728 ---------
1886 4672 2026 4727 item
2054 4700 2121 4720 =
2151 4679 2183 4727 8
2222 4674 2347 4743 syll.
2378 4673 2598 4742 longae.
2620 4669 2752 4724 Wil.
2783 4672 3021 4737 utroque

417 4768 577 4807 versu
621 4771 793 4808 unam
838 4754 1117 4826 syllabam
1171 4753 1403 4824 longam
1450 4752 1715 4810 desecuit.
1791 4752 2005 4807 Tamen
2053 4754 2308 4825 graviora
2354 4753 2607 4808 obstant:
2653 4769 2701 4804 v.
2735 4755 2870 4803 1267
2918 4766 3023 4803 vox

2521 4839 2594 4895 4*
