3611 5264
569 314 648 378 18
1715 312 1900 382 Caput
1935 313 2004 369 H.

566 499 760 561 quam
805 476 929 540 hoc
973 475 1135 560 loco,
1183 480 1495 560 quantum
1541 474 1819 541 valuerit
1863 479 2236 560 utrumque,
2293 496 2415 539 nos
2459 474 2658 561 fugit3
2716 496 2841 559 qua
2896 474 2965 538 in
3010 496 3080 538 re
3126 475 3182 539 si

568 570 806 640 similia
853 577 1231 658 statuamus,
1277 595 1409 637 non
1454 594 1678 637 vereor
1721 595 1803 636 ne
1847 572 2168 657 fallamur,
2214 573 2595 657 praesertim
2642 595 2786 638 cum
2835 572 3030 636 etiam
3075 572 3183 636 hic

566 673 747 755 prius
817 669 1214 755 Amphiarao
1271 671 1497 755 disque
1553 667 1755 754 Oropi
1810 670 2003 736 cultis
2017 671 2067 759 1)
2123 673 2590 759 instauraretur
2652 671 3035 735 sacrificium
3043 722 3061 755 ,
3116 671 3183 734 in

568 769 771 834 altero
818 790 969 834 vero
1016 768 1241 834 itidem
1288 772 1675 833 mactaretur
1722 769 1887 832 aries
1901 766 1972 856 ²).

569 867 668 932 De
726 867 1095 933 Calchantis
1163 868 1420 932 oraculo
1491 866 1724 932 Strabo
1790 866 1991 931 tradit
2056 865 2180 954 (VI
2219 869 2278 952 3,
2307 869 2356 931 9·
2404 890 2464 951 p.
2503 865 2664 954 284)
2729 867 2992 931 arietem
3067 868 3185 930 im-

571 966 801 1030 molari
846 969 1077 1030 atrum.
2923 1033 2930 1038 ,

569 1063 793 1128 Fauno
859 1067 1116 1127 centum
1179 1063 1461 1127 bidentis
1525 1062 1834 1127 mactavit
1900 1063 2172 1130 Latinus
2230 1060 2452 1148 (Verg.
2499 1061 2659 1126 Aen.
2709 1061 2835 1127 VH
2890 1063 2992 1127 87.
3049 1060 3184 1149 93),

577 1162 734 1226 duas
782 1182 934 1225 oves
978 1159 1196 1226 Numa
1241 1158 1386 1248 (Ov.
1423 1160 1596 1225 Fast.
1633 1159 1729 1225 IV
1766 1159 1897 1226 652
1911 1159 2116 1248 sq.).⁸)

570 1259 834 1343 Elysius
900 1259 1161 1342 quidam
1238 1259 1613 1343 TerinanS‚
1691 1261 1765 1322 ut
1821 1259 2211 1344 incuband0‚
2276 1259 2388 1343 qui
2459 1258 2667 1322 filium
2741 1258 3185 1344 interfecisset,

567 1361 998 1442 cognosceret,
1045 1356 1621 1441 psychomanteum
1667 1356 1830 1421 adiit
1876 1357 2094 1441 ibique
2140 1354 2647 1442 προεθύσατο4).

569 1454 813 1518 Eadem
896 1474 1021 1518 vox
1107 1451 1592 1542 (προθύεσθαι)
1677 1454 1743 1517 in
1819 1454 2073 1519 iamatis
2149 1453 2394 1517 occurit
2463 1453 2862 1539 Epidauriis,
2926 1453 3038 1516 ubi
3108 1453 3184 1517 de

567 1573 767 1636 puero
813 1551 1053 1637 agitur,
1111 1552 1222 1634 qui
1277 1556 1495 1616 mutus
1553 1552 1620 1614 in
1675 1550 2087 1636 Asclepieum
2142 1551 2433 1635 pervenit
2495 1551 2738 1635 deoque
2802 1551 3185 1615 sacrificium

568 1649 953 1713 instauravit
965 1646 1035 1737 ⁵).

569 1745 646 1811 In
711 1747 1170 1831 Aristophanis
1234 1746 1428 1812 Pluto
1493 1750 1642 1812 ante
1715 1747 2103 1812 κατάκλισιν
2177 1745 2641 1810 instituendam
2721 1746 2789 1809 in
2871 1768 2981 1809 ara
3053 1745 3183 1829 pla-

576 1849 795 1909 centae
842 1849 1206 1910 cremantur
1219 1843 1289 1932 ⁶).

717 1975 801 2028 De
839 1974 1128 2029 sacrificiis
1156 1975 1444 2029 nocturnis
1472 1975 1532 2028 in
1560 1975 1716 2028 cultu
1745 1975 2012 2030 chthonio
2041 1975 2269 2030 usitatis
2296 1994 2344 2030 v.
2367 1974 2597 2045 Stengel
2625 1973 2963 2029 Kultusalt.²
2987 1992 3041 2043 p.
3065 1979 3183 2027 111.

725 2060 841 2109 127.
893 2061 1010 2108 133.
1068 2073 1116 2110 V.
1165 2054 1338 2109 etiam
1390 2055 1681 2109 oraculum
1731 2054 2019 2109 saeculare
2070 2073 2119 2111 v.
2160 2061 2190 2108 6
2256 2055 2407 2124 apud
2451 2053 2758 2108 Dielesium
2822 2053 3078 2122 Sibyllin.
3119 2053 3188 2106 Bl

711 2154 766 2205 p.
810 2140 928 2188 134.
967 2134 1058 2204 (cf.
1098 2153 1146 2189 v.
1195 2138 1299 2205 13.)
1350 2134 1547 2188 Rohde
1597 2134 1852 2204 Psyche²
1898 2135 1924 2188 I
1965 2139 2092 2203 149,
2123 2141 2173 2188 2.
2212 2166 2278 2174 -—
2316 2134 2401 2187 De
2452 2133 2785 2202 epibothriis
2835 2134 2895 2186 in
2945 2134 3186 2187 Hecates

713 2215 869 2268 cultu
908 2213 1140 2284 Stengel
1184 2213 1219 2269 1.
1261 2231 1304 2267 c.
1344 2232 1397 2283 p.
1435 2219 1551 2268 111.
1638 2213 1720 2267 De
1766 2213 1934 2267 fossis
1990 2215 2065 2268 ad
2120 2213 2547 2267 sacrificandum
2600 2212 2768 2266 factis
2825 2212 3054 2283 Stengel
3108 2213 3186 2266 ib.

715 2312 768 2364 p.
801 2299 867 2347 17
889 2312 970 2363 sq.
1010 2300 1093 2348 26.
1137 2299 1255 2349 131.

568 2401 645 2467 In
690 2403 893 2468 altero
942 2403 1255 2467 sacrificio
1301 2406 1450 2467 ante
1486 2401 1933 2488 Trophonium
1968 2402 2428 2468 consulendum
2466 2402 2766 2467 instituto
2804 2402 3003 2466 frater
3048 2402 3187 2467 eius

569 2501 1078 2566 invocabatur
1125 2538 1210 2547 —-
1258 2499 1761 2589 Agamedes⁷).

752 2699 803 2764 1)
840 2695 1049 2749 θύουσι
1085 2692 1149 2748 δὲ
1185 2694 1283 2748 καὶ
1318 2693 1469 2766 αὐτῷ
1505 2695 1601 2764 (sc.
1640 2693 2006 2765 Amphiarao)
2043 2696 2142 2750 καὶ
2177 2702 2351 2750 πᾶσιν
2396 2692 2549 2756 ὅσοις
2595 2692 2743 2750 ἐστὶν
2780 2693 2873 2747 ἐπὶ
2907 2699 2984 2767 τῷ
3022 2696 3187 2767 βωμῷ

568 2775 674 2845 (sic
721 2774 873 2829 enim
917 2776 1069 2829 recte
1115 2773 1436 2829 emendavit
1470 2774 1649 2828 Bothe
1685 2773 2095 2830 Genethliacon
2133 2774 2504 2845 Gottingense
2539 2792 2595 2843 p.
2628 2779 2748 2843 176,
2785 2774 2938 2841 quod
2973 2774 3189 2843 recepit

569 2854 782 2925 Hitzig)
820 2854 889 2909 τὰ
926 2853 1175 2923 ὀνόματα
1210 2855 1374 2910 Paus,
1404 2855 1430 2908 I
1458 2861 1544 2922 34,
1573 2860 1621 2910 5.

751 2937 805 3004 2)
842 2933 919 2988 ib.
949 2934 1229 3002 pergitur:
1267 2932 1816 3005 προεξειργασμένων
1845 2933 1908 2988 δὲ
1941 2935 2170 3003 τούτων,
2198 2935 2358 3003 κριὸν
2384 2936 2693 2997 θύσαντες.
2718 2978 2729 2990 .
2754 2977 2764 2988 .
2786 2935 3184 2990 καθεύδουσιν.

749 3018 805 3083 3)
844 3012 1102 3066 Ceterum
1138 3013 1414 3067 incertum
1453 3016 1567 3081 est,
1614 3016 1802 3066 utrum
1840 3014 1916 3067 sit
1950 3013 2102 3068 idem
2139 3014 2427 3068 oraculum
2462 3013 2669 3083 Fauni,
2716 3015 2868 3082 quod
2915 3031 2950 3067 a
2985 3014 3188 3068 Latino

573 3093 837 3163 quodque
883 3110 918 3147 a
953 3092 1142 3146 Numa
1177 3092 1393 3160 aditur3
1442 3092 1599 3163 regio
1645 3093 1763 3148 fere
1810 3094 2023 3147 eadem.
2097 3094 2222 3147 Illic
2268 3110 2442 3164 prope
2488 3093 2664 3147 Tibur
2680 3137 2694 3162 ‚
2739 3093 2832 3148 hic
2869 3094 3188 3148 accuratius

570 3191 684 3227 non
742 3171 1089 3242 significata,
1142 3175 1292 3227 certe
1336 3188 1511 3242 prope
1555 3173 1818 3241 Romam3
1864 3172 1985 3226 illic
2030 3172 2215 3243 lucus,
2263 3173 2356 3228 hic
2403 3174 2558 3229 silva.
2635 3173 2847 3228 Tamen
2890 3175 2998 3229 hoc
3042 3174 3187 3228 nihil
3271 3241 3286 3248 -

575 3254 649 3307 ad
687 3269 818 3307 rem„

751 3335 806 3402 4)
843 3331 991 3386 Plut.
1033 3332 1239 3388 consol.
1279 3333 1353 3386 ad
1388 3332 1572 3401 Apoll.
1606 3338 1673 3386 14
1699 3351 1754 3402 p.
1788 3338 1890 3386 109
1912 3332 1976 3387 C:
2016 3332 2233 3404 (dicunt
2261 3338 2411 3405 eum)
2449 3332 2761 3404 ἀφικέσθαι
2799 3332 2891 3388 ἐπί
2927 3354 2980 3389 τι
3008 3345 3187 3405 ψυχο-

576 3422 860 3482 μαντεῖον,
896 3411 1439 3482 προθυσάμενον
1475 3411 1528 3466 δ’
1566 3413 1649 3475 ὡς
1684 3410 1891 3482 νόμος
1926 3411 2300 3483 ἐγκοιμᾶσθαι
2337 3419 2448 3470 κτλ.

752 3497 806 3562 5)
844 3499 1024 3548 11159
1052 3493 1104 3548 V
1131 3500 1226 3549 42:
1265 3494 1340 3556 ὡς
1376 3490 1439 3549 δὲ
1474 3492 1915 3562 προεθύσατο
1952 3493 2050 3548 καὶ
2086 3493 2312 3565 [ἐπόησε
2348 3494 2443 3566 τὰ]
2481 3494 2896 3565 νομιζόμενα
2931 3497 3044 3550 κτλ.

755 3577 808 3643 6)
846 3591 928 3628 vv.
968 3579 1071 3628 660
1093 3590 1238 3641 sqq.:
1286 3573 1406 3629 ἐπεὶ
1443 3572 1507 3628 δὲ
1543 3575 1708 3645 βωμῷ
1744 3571 1979 3628 πόπανα
2015 3575 2114 3628 καὶ
2150 3575 2492 3644 προθύματα
2524 3578 2532 3645 Ι
2564 3575 2913 3644 καθωσιώθη
2951 3572 3190 3639 πέλανος

566 3651 879 3723 “Ηφαίστου
926 3652 1108 3723 φλογί,
1141 3658 1150 3723 Ι
1182 3652 1583 3724 κατεκλίναμεν
1627 3654 1726 3708 τὸν
1778 3656 2048 3709 Πλοῦτον.
2134 3653 2374 3708 Videtur
2426 3655 2610 3709 inesse
2663 3654 2914 3709 versibus
2971 3654 3189 3724 aliquid

574 3733 848 3803 corrupti:
876 3750 977 3803 pro
1014 3734 1357 3803 προθύματα
1386 3733 1651 3788 scribitur
1676 3732 1994 3804 θυλήματα,
2022 3734 2175 3803 quod
2204 3751 2271 3789 ex
2300 3734 2527 3789 scholiis
2556 3737 2644 3789 est
2669 3736 2960 3804 haustum3
2997 3738 3189 3790 tamen

574 3815 727 3882 quod
767 3812 990 3867 codices
1027 3813 1327 3882 praebent:
1371 3814 1732 3882 προθύματα,
1762 3830 1888 3867 cum
1924 3813 2134 3884 optime
2163 3816 2292 3882 stet,
2319 3814 2689 3870 retinendum.
2729 3815 2798 3869 cf.
2827 3817 3190 3884 προθύεσθαι

582 3894 646 3948 in
676 3894 842 3949 adnn.
873 3900 923 3948 4.
955 3898 1004 3946 5.
1041 3911 1089 3946 v.
1129 3892 1303 3947 etiam
1329 3893 1555 3948 Lobeck
1581 3893 1708 3964 Agl.
1737 3911 1791 3962 p.
1826 3898 1980 3949 1083.
2036 3893 2144 3949 Pro
2171 3893 2412 3957 πέλανος
2436 3894 2714 3965 Bergkius
2743 3893 2978 3964 μέλανος
3004 3896 3189 3950 conie-

575 3973 670 4042 cit,
718 3972 780 4026 id
816 3973 969 4041 quod
1005 3972 1217 4027 arridet
1253 3973 1497 4043 quidem,
1535 3977 1727 4028 tamen
1765 3972 2015 4029 dubium.

753 4054 805 4121 7)
843 4052 1006 4106 Paua
1038 4052 1115 4106 IX
1151 4058 1237 4121 39,
1267 4059 1313 4108 6.
1375 4053 1544 4108 Cuius
1572 4053 1879 4124 Agamedis
1917 4053 2000 4107 vis
2030 4057 2117 4109 est
2145 4055 2384 4109 obscura
2411 4071 2515 4109 nec
2544 4055 2683 4109 satis
2713 4056 2957 4126 perspici
2983 4059 3186 4127 potest,

574 4131 713 4201 quid
749 4131 898 4187 inter
934 4131 1234 4186 daemones
1269 4132 1539 4202 valuerit3
1577 4133 1844 4188 heroibus
1879 4133 2132 4204 medicis,
2170 4134 2326 4190 velut
2360 4134 2616 4202 Μήδειος
2651 4135 2881 4203 Μήδεια
2909 4134 3187 4207 ’Λγαμήὸη

575 4229 704 4266 eum
741 4211 1113 4265 adserendum
1151 4228 1270 4267 esse
1305 4216 1478 4283 putat
1509 4214 1789 4268 Usenerus
1828 4212 2174 4269 Gotternam.
2212 4233 2266 4284 p.
2299 4220 2416 4270 163.
2484 4215 2855 4287 Coniungitur
2891 4234 3019 4270 cum
3054 4216 3189 4271 Tro-

573 4292 783 4362 phonio
829 4291 1004 4345 fratre
1049 4291 1276 4361 templis
1322 4292 1410 4347 vel
1466 4293 1595 4347 aliis
1650 4293 1922 4348 aedificiis
1969 4295 2335 4349 exstruendis.
2412 4294 2502 4349 Sic
2553 4295 2623 4349 de
2674 4295 2926 4366 Neptuni
2976 4297 3188 4366 templo

573 4389 748 4442 prope
778 4370 1127 4425 Mantineam
1164 4371 1273 4427 sito
1312 4373 1380 4426 cf.
1420 4373 1583 4428 Paua
1622 4374 1753 4428 Vm
1782 4379 1867 4443 10,
1898 4381 1946 4428 2.
2005 4374 2189 4444 (Solus
2217 4374 2570 4444 Trophonius
2597 4375 2877 4446 Apollinis
2914 4377 3189 4446 templum

574 4451 809 4522 Pagasis
847 4450 1184 4506 exstruxisse
1223 4450 1431 4507 dicitur
1458 4453 1531 4507 ab
1559 4453 1859 4508 Heraclide
1887 4453 2124 4508 Pontico
2151 4454 2214 4508 in
2251 4455 2423 4509 schol.
2452 4454 2679 4510 Hesiod.
2712 4459 2850 4510 scut.
2885 4461 2967 4510 70.
3032 4456 3190 4510 Idem

576 4533 1000 4587 subterraneam
1046 4530 1208 4586 illam
1253 4548 1573 4603 cavernam,
1618 4533 1680 4587 in
1724 4551 1896 4603 quam
1942 4533 2173 4588 oracula
2205 4538 2465 4603 petentes
2500 4551 2603 4605 per
2639 4535 2853 4590 scalam
2887 4538 3190 4606 angustam

576 4612 837 4666 solebant
885 4611 1224 4667 descendere
1272 4613 1723 4669 exaedificavisse
1771 4613 2001 4668 dicitur:
2057 4615 2461 4671 κατεσκεύασεν
2507 4615 2659 4684 ἱερὸν
2703 4615 2768 4670 ἐν
2802 4621 2870 4689 τῇ
2908 4613 3191 4691 Λεβαδείᾳ

574 4700 672 4762 τῆς
708 4690 977 4755 Βοιωτίας
1012 4692 1122 4746 ὑπὸ
1162 4701 1293 4764 γῆν,
1330 4695 1428 4749 καὶ
1474 4697 1722 4749 καλεῖται
1773 4691 2109 4763 Τροφωνίου
2156 4695 2327 4750 schol.
2358 4696 2451 4749 Ar.
2484 4695 2628 4750 Nub.
2660 4700 2764 4749 508
2793 4697 2833 4749 Ι.
2865 4695 3188 4765 ποιήσας...
