3611 5264
1325 340 1409 395 De
1446 339 1811 394 incubatione
1849 339 2174 395 christiana.
2972 342 3052 406 91

444 507 573 572 Vix
621 507 827 571 sancti
876 528 1021 570 eum
1068 506 1137 570 in
1181 504 1395 570 locum
1440 509 1886 590 pervenerant,
1943 526 2089 570 cum
2144 505 2551 570 daemonium
2598 509 2876 570 taetrum
2924 506 3059 570 sine

443 605 577 669 ulla
621 627 841 690 pugna
888 605 956 670 in
1004 623 1224 670 orcum
1270 605 1685 690 fugaverunt:
1735 602 2031 668 ἐνταῦθα
2076 605 2203 690 γὰρ
2253 604 2566 681 ἐλθόντες
2618 604 2688 669 οἱ
2728 605 2905 687 ἅγιοι
2949 602 3059 669 καὶ

442 714 581 780 τοῖς
620 703 1112 787 εὐαγγελισταῖς
1147 705 1497 787 γενόμενοι
1536 703 1858 785 σύσκηνοι
1896 711 2161 787 πρῶτον
2196 699 2319 786 μὲν
2359 701 2423 781 ἐξ
2462 702 2665 786 αὐτῆς
2702 702 2911 778 εὐθὺς
2947 710 3061 785 τῆς

444 804 539 879 εἰς
575 803 691 867 τὸν
732 802 913 887 ἱερὸν
950 810 1191 867 τοῦτον
1230 802 1435 884 σηκὸν
1472 799 1836 884 ἑπιβάσεως
1872 801 1966 877 εἰς
2004 802 2230 885 φυγὴν
2266 801 2340 864 τὸ
2380 802 2733 885 δαιμόνιον
2778 802 3061 885 ἔτρεψαν

445 903 539 977 εἰς
584 900 914 986 τάρταρον
950 899 1021 964 ἐκ
1057 908 1178 983 γῆς
1224 898 1650 977 ἑκδιώξαντες
1685 896 1795 982 Sp.
1815 898 1893 962 R.
1914 896 2012 962 HI
2043 901 2078 963 7
2086 899 2125 962 8
2147 898 2340 962 =M.
2379 897 2554 962 3416
2569 897 2646 963 A.
2720 896 3060 962 Daemonii

445 997 724 1062 ministri
790 997 1027 1081 quique
1092 998 1227 1062 eius
1292 997 1629 1082 phasmata
1691 997 1978 1061 venerati
2038 1000 2222 1062 erant
2279 997 2361 1061 ad
2429 1019 2662 1061 novam
2724 999 2788 1060 et
2845 1019 3061 1060 veram

447 1096 639 1159 fidem
686 1099 1160 1180 convertuntur,
1208 1117 1458 1160 sacrum
1503 1094 1949 1160 foedissimum
1999 1094 2119 1159 sub
2165 1099 2401 1159 terram
2438 1098 2803 1159 removetur
2848 1117 3064 1158 arena-

447 1216 570 1277 que
618 1193 970 1279 obtegitur:
1017 1196 1091 1259 τὸ
1153 1195 1485 1279 βδελυρὸν
1545 1193 1757 1259 ἐκεῖνο
1815 1202 1935 1258 τοῦ
1992 1195 2308 1278 δαίμονος
2354 1192 2651 1278 τέμενος,
2714 1193 2786 1259 ἐν
2840 1185 2896 1280 ᾦ
2948 1194 3063 1268 τὰς

445 1292 716 1370 ψευδεῖς
762 1286 1130 1377 φαντασίας
1176 1292 1211 1359 ὁ
1269 1291 1594 1379 δραπέτης
1649 1292 1979 1378 εἰργάζετο
2029 1342 2041 1356 .
2091 1343 2104 1356 .
2153 1343 2166 1356 .
2213 1289 2321 1356 καὶ
2381 1292 2455 1356 τὸ
2517 1293 3065 1376 γυναικόμορφον

445 1392 670 1456 ἵστατο
719 1389 977 1476 ξόανον,
1023 1394 1314 1478 παραλίᾳ
1357 1391 1602 1478 ψάμμῳ
1648 1388 2030 1475 κατέχωσαν
2078 1388 2188 1454 καὶ
2238 1441 2249 1454 .
2300 1441 2313 1454 .
2362 1441 2375 1454 .
2422 1391 2553 1455 ὑπὸ
2609 1392 2827 1473 χθόνα
2881 1386 3063 1453 κατέ-

446 1499 717 1575 κρυψαν
783 1487 888 1573 Sp.
946 1488 1023 1553 R.
1075 1488 1173 1553 III
1213 1488 1298 1553 80
1346 1520 1430 1541 =
1478 1488 1564 1553 M.
1604 1487 1778 1552 3416
1798 1488 1875 1553 Β.
1985 1485 2132 1571 Ipse
2197 1487 2469 1570 denique
2532 1486 2740 1571 vicus,
2804 1487 2873 1550 in
2936 1507 3062 1568 quo

447 1587 777 1652 colebatur
813 1588 1239 1670 daemonium,
1278 1585 1526 1651 deletur
1562 1590 1922 1671 martyrum
1958 1587 2148 1651 nutu:
2197 1589 2564 1670 συνήπτετο
2612 1585 2647 1652 ὁ
2696 1594 2816 1651 τοῦ
2864 1587 3065 1650 δυσα-

446 1693 609 1767 γοῠς
670 1685 878 1749 αὐτοῦ
933 1686 1257 1769 κτήματος
1317 1686 1630 1771 ὄλεθρος,
1691 1685 1726 1750 ὃ
1792 1695 1910 1769 τῆς
1965 1686 2281 1769 δαίμονος
2343 1686 2638 1771 ὑπῆρχεν
2694 1682 3067 1768 ἐπώνυμον,

448 1780 559 1848 καὶ
595 1794 732 1848 τῶν
768 1794 1089 1870 μυσαρῶν
1126 1782 1329 1867 αὐτῆς
1365 1789 1644 1849 τελετῶν
1679 1785 1925 1872 μιαρὸν
1954 1783 2366 1868 ἐνδιαίτημα·
2404 1793 2600 1850 τοῦτο
2638 1784 2764 1867 γὰρ
2803 1783 3068 1866 ψάμμος

446 1880 555 1946 καὶ
601 1882 899 1946 θάλαττα
944 1881 1302 1968 μαρτύρων
1346 1881 1732 1968 ἐμερίσαντο
1781 1883 2056 1967 νεύματι
2106 1880 2212 1966 Sp.
2256 1881 2330 1947 R.
2359 1880 2458 1946 HI
2489 1882 2568 1945 81
2595 1881 2786 1945 =M.
2808 1880 2982 1944 3416
3000 1878 3066 1944 C.

446 1978 775 2044 Daemone
823 1980 1088 2064 depulso
1147 2002 1286 2044 cum
1349 1984 1705 2065 martyrum
1761 1980 2087 2045 miraculis
2151 1980 2596 2046 inclaresceret
2649 1980 2857 2063 locus,
2916 2002 3066 2043 mox

449 2078 748 2142 omnibus
788 2101 867 2142 ex
902 2078 1194 2162 partibus
1224 2079 1450 2143 mundi
1480 2080 1559 2144 ad
1598 2080 2005 2144 salutiferum
2047 2101 2269 2144 eorum
2306 2079 2623 2164 templum
2658 2078 3067 2144 confluebant

445 2175 740 2240 homines
787 2176 910 2241 Dei
957 2181 1452 2260 sanctorumque
1498 2177 1824 2242 laudaturi
1868 2178 2227 2263 potentiam
2241 2175 2310 2264 ¹).

625 2275 906 2340 Maxime
966 2298 1116 2340 sane
1171 2276 1391 2340 floruit
1447 2274 1599 2361 Cyri
1646 2278 1711 2340 et
1755 2276 2016 2341 Ioannis
2064 2298 2339 2341 sacrum:
2388 2277 2528 2360 ipsa
2581 2274 2888 2339 miracula
2932 2296 3071 2358 per-

447 2372 651 2437 multa
714 2374 906 2438 huius
970 2374 1063 2438 rei
1127 2373 1435 2457 praebent
1493 2375 1882 2438 testimonia.
1974 2374 2326 2439 Multitudo
2389 2377 2798 2459 aegrotorum
2869 2372 3067 2437 servis

448 2472 701 2554 saepius
739 2472 1057 2537 adiunctis
1071 2468 1124 2557 2)
1164 2471 1468 2537 continuo
1508 2476 1876 2538 sanctorum
1916 2471 2259 2557 expetebat
2295 2473 2608 2537 auxilium
2619 2470 2700 2560 ⁸)3
2747 2471 3068 2536 interdum

447 2654 754 2718 masrbyrum
797 2648 1093 2718 yloriosam
1137 2649 1412 2704 ecelesiam
1458 2650 1674 2705 edidit
1718 2651 1782 2704 in
1828 2652 1942 2706 loeo
1988 2651 2085 2718 qui
2143 2650 2457 2719 appellatur
2502 2650 2784 2706 Menuthis
2824 2692 2833 2702 .
2877 2694 2887 2704 .
2932 2689 2972 2715 .‚
3008 2655 3071 2703 ut

444 2745 544 2796 per
598 2729 794 2783 merita
846 2733 1160 2783 sanctorum
1206 2728 1517 2796 daemones,
1570 2732 1668 2798 qui
1712 2731 1831 2785 illie
1872 2731 2223 2796 habitabant,
2268 2731 2659 2800 effuyarentur.
2702 2734 2855 2798 post
2916 2730 3072 2785 haec

449 2814 630 2863 autem
657 2809 907 2877 perrexit
940 2826 1063 2864 eum
1108 2826 1312 2878 magma
1357 2815 1575 2864 caterva
1624 2811 2014 2866 catholicorum
2062 2810 2348 2879 levansque
2394 2810 2580 2865 eadem
2624 2811 2912 2879 praedicta
2955 2826 3069 2865 eor-

439 2905 587 2957 pora
636 2890 698 2943 in
748 2889 934 2944 eadem
984 2889 1213 2944 basilica
1263 2890 1600 2945 collocavit.“
1670 2890 1871 2958 Itaque
1923 2889 2017 2944 hic
2067 2889 2311 2960 primum
2367 2889 2606 2944 ecclesia
2652 2888 2939 2944 aedificari
2998 2889 3070 2944 ab

448 2968 651 3040 angelo
690 2968 809 3023 viso
846 2968 1090 3038 iubetur,
1128 2970 1250 3022 tum
1288 2969 1513 3023 demum
1559 2968 1799 3026 ecclesia
1836 2988 1871 3025 a
1909 2969 2119 3040 Cyrillo
2159 2972 2445 3026 exstructa
2482 2972 2793 3041 martyrum
2837 2987 3072 3042 corpora

448 3065 515 3102 ex
552 3048 898 3103 Alexandria
933 3047 1364 3103 transferuntur.

628 3131 678 3199 1)
719 3128 1008 3194 Quomodo
1055 3131 1330 3198 martyres
1378 3129 1449 3183 de
1496 3129 1793 3185 daemonio
1842 3131 1942 3188 illo
1997 3131 2499 3202 triumphaverint,
2559 3132 2770 3201 optime
2818 3130 2963 3201 legis
3011 3132 3072 3185 in

446 3208 568 3262 vita
606 3208 878 3278 acephala
926 3209 1018 3279 Sp.
1057 3209 1122 3263 R.
1162 3209 1239 3263 IV
1279 3216 1383 3264 24⁷
1405 3228 1483 3278 sq.
1517 3238 1583 3258 =
1612 3211 1685 3268 M.
1719 3217 1858 3267 3696
1878 3212 2020 3269 Rc:
2071 3213 2224 3267 οὔπω
2281 3211 2344 3267 δὲ
2392 3213 2591 3284 σχεδὸν
2635 3218 2712 3287 τῷ
2757 3212 2910 3286 τόπῳ
2949 3210 3070 3267 ἐπέ-

449 3306 654 3358 στησαν
707 3288 761 3342 οἱ
806 3298 1059 3358 γενναῖοι
1105 3298 1203 3344 τοῦ
1250 3295 1491 3358 Χριστοῦ
1540 3301 1870 3359 στρατιῶται
1917 3298 2104 3362 Κῦρος
2150 3296 2245 3348 καὶ
2286 3292 2582 3364 Ἰωάννης,
2639 3294 2736 3347 καὶ
2784 3291 2927 3347 κατὰ
2972 3302 3071 3347 τοῦ

449 3369 621 3423 ἐκεῖσε
660 3368 1078 3439 ἐμφωλεύοντος
1125 3369 1513 3440 πονηροτάτου
1561 3370 1835 3442 δαίμονος
1880 3371 2190 3444 ἀνεγείρειν
2236 3372 2476 3442 ἤρξαντο
2523 3372 2790 3441 τρόπαια·
2839 3374 3075 3436 πολλοὺς

446 3449 552 3519 γὰρ
592 3451 1004 3518 δαιμονιῶντας
1039 3452 1136 3504 καὶ
1174 3449 1473 3514 ἀσθενίαις
1510 3450 1702 3516 ἄλλαις
1737 3453 2185 3522 κεκρατημένους
2222 3453 2282 3509 ἐν
2335 3458 2412 3526 τῷ
2456 3453 2559 3523 τὴν
2606 3451 2918 3507 κατάθεσιν
2962 3462 3073 3508 τῶν

447 3526 623 3599 ἁγίων
674 3528 961 3599 λειψάνων
1011 3528 1273 3600 γίνεσθαι
1311 3529 1717 3599 ἐθεράπευσαν.
1760 3534 1857 3586 καὶ
1895 3534 2100 3597 αὐτοὺς
2151 3531 2213 3586 δὲ
2269 3534 2400 3595 τοὺς
2451 3533 2617 3601 ἱερεῖς
2661 3541 2761 3587 τοῦ
2811 3529 3074 3600 ὀλεθρίου

446 3608 718 3679 δαίμονος
752 3618 850 3679 τῆς
888 3619 1130 3681 ψυχικῆς
1166 3610 1382 3681 πλάνης
1420 3610 1678 3682 ἰάσαντο,
1718 3612 1854 3667 ὥστε
1893 3613 2157 3681 παραυτὰ
2195 3616 2529 3681 προσελθεῖν
2577 3613 2781 3676 αὐτοὺς
2815 3617 2891 3685 τῷ
2929 3609 3071 3684 ἁγίῳ

447 3689 859 3763 ἀρχιεπισκόπῳ
899 3688 1149 3763 Κυρίλλῳ
1186 3691 1284 3746 καὶ
1318 3695 1395 3764 τῷ
1431 3694 1641 3765 λουτρῷ
1688 3702 1785 3764 τῆς
1830 3693 2057 3765 χάριτος
2102 3702 2202 3748 τοῦ
2249 3691 2414 3764 ἁγίου
2466 3691 2846 3766 βαπτίσματος
2889 3696 3074 3746 καθα-

447 3775 751 3840 γνισθῆναι
789 3770 887 3825 καὶ
924 3770 1060 3826 αὐτὸ
1099 3770 1161 3825 δὲ
1198 3771 1261 3826 τὸ
1312 3771 1464 3840 ἱερὸν
1510 3775 1716 3841 μᾶλλον
1763 3772 1827 3828 δὲ
1875 3774 2147 3845 μιαρὸνΟ)
2195 3782 2295 3829 τοῦ
2343 3772 2607 3843 ὀλεθρίου
2654 3771 2926 3842 δαίμονος
2970 3774 3072 3828 σὺν

445 3855 521 3922 τῷ
578 3851 638 3906 ἐν
677 3851 825 3925 αὐτῷ
863 3849 1140 3921 ἀγάλματι
1191 3852 1289 3905 καὶ
1340 3856 1416 3924 τῷ
1467 3854 1630 3927 βωμῷ
1670 3853 1891 3923 ἀφανὲς
1941 3859 2395 3925 κατασταθῆναι·
2450 3854 2485 3923 ἡ
2538 3854 2643 3924 γὰρ
2689 3850 3073 3923 παρακειμένη

447 3930 690 4000 ψάμμος,
729 3932 795 3986 οὐ
825 3931 935 4001 μὴν
963 3931 1099 3985 ἀλλὰ
1132 3932 1291 4001 καὶὴ
1329 3931 1591 3988 θάλασσα
1627 3943 1695 4005 τῇ
1734 3933 1985 4010 ἐνεργείᾳ
2021 3945 2131 3991 τῶν
2169 3931 2345 4005 ἁγίων
2384 3934 2678 4003 μαρτύρων
2705 3942 2869 3989 τοῦτο
2908 3932 3073 4002 ἐπόρ-

446 4014 637 4080 θησαν
675 4012 772 4064 nal
809 4011 1029 4081 ἀφανὲς
1066 4011 1357 4082 ἐποίησαν,
1394 4013 1431 4082 ἡ
1468 4012 1568 4081 μὲν
1599 4014 1982 4084 ἐπικλύζουσα,
2020 4014 2056 4084 ἡ
2094 4014 2158 4070 δὲ
2186 4016 2582 4085 καταχώσασα·
2622 4015 2697 4078 ὡς
2734 4014 2946 4083 ἄδηλον
2973 4013 3073 4069 τὸν

446 4091 623 4145 τόπον
668 4090 1032 4148 παντάπασιν
1079 4092 1357 4162 γίνεσθαι.
1414 4094 1654 4164 τοσαύτη
1711 4094 1774 4150 δὲ
1830 4095 1993 4168 χάρις
2047 4096 2174 4150 ἀντὶ
2228 4104 2327 4165 τῆς
2372 4096 2506 4163 πρὶν
2557 4094 2778 4164 ἀπάτης
2827 4093 2926 4148 διὰ
2974 4103 3074 4164 τῆς

449 4169 774 4235 ἐπιστασίας
806 4181 918 4227 τῶν
956 4171 1132 4243 ἁγίων
1169 4174 1466 4243 μαρτύρων
1504 4174 1855 4245 ἐπήνθησεν,
1901 4177 1976 4240 ὡς
2021 4175 2083 4230 ἐκ
2119 4174 2378 4244 περάτων
2424 4184 2522 4246 τῆς
2558 4174 2890 4246 οἰκουμένης
2932 4175 3074 4243 πρὸς

447 4253 509 4307 τὸ
555 4259 656 4306 τοῦ
710 4252 903 4320 Κύρου
949 4254 1046 4307 καὶ
1079 4253 1356 4310 ζΙωάννου
1403 4254 1695 4323 εὐκτήριον
1739 4258 1872 4318 τοὺς
1920 4256 2182 4318 ἀσθενεῖς
2228 4252 2660 4324 κατεπείγεσθαι
2712 4257 2810 4310 καὶ
2855 4253 3076 4317 πάντας

446 4334 577 4396 τοὺς
611 4329 791 4387 πίστει
827 4332 1270 4404 προστρέχοντας
1305 4334 1739 4408 ἀντιλαμβάνειν
1777 4341 1892 4391 τῶν
1929 4334 2284 4406 παθημάτων
2320 4343 2424 4405 τῆν
2462 4335 2631 4391 ἴασιν.

627 4416 681 4484 2)
720 4411 934 4469 οἰκέται
979 4418 1485 4470 commemorantur
1532 4422 1617 4486 30,
1659 4421 1796 4471 3517
1819 4417 1883 4471 D.
1949 4424 2085 4480 παῖς
2137 4415 2213 4471 ib.
2276 4420 2416 4470 3520
2435 4416 2513 4485 Ας
2563 4422 2657 4486 32,
2698 4415 2904 4469 3528D
2953 4412 3074 4483 (qui

447 4494 601 4549 idem
638 4493 861 4548 videtur
900 4510 1021 4549 esse
1061 4497 1230 4564 atque
1267 4495 1561 4566 ὑπηρέτης,
1600 4496 1670 4550 de
1708 4513 1820 4565 quo
1858 4496 1973 4566 ib.).
2013 4496 2281 4565 νεύμασιν
2319 4496 2549 4553 ἅπαντα
2579 4497 2677 4551 καὶ
2713 4492 3074 4565 ψελλίσμασιν

446 4583 564 4638 τοῖς
590 4572 1178 4645 διακονουμένοις
1207 4576 1355 4649 αὐτῷ
1384 4577 1724 4646 διεσάφησεν
1753 4576 1828 4630 ib.
1890 4575 1997 4642 Qui
2024 4593 2137 4630 non
2164 4575 2365 4646 templi
2384 4575 2649 4632 videntur
2668 4590 2789 4630 esse
2808 4571 3070 4641 ministri,

448 4655 656 4725 quippe
694 4655 899 4725 quibus
937 4655 1086 4710 adici
1125 4658 1306 4711 soleat
1341 4655 1485 4709 illud
1521 4662 1596 4729 τῷ
1635 4662 1743 4729 νεῷ
1781 4656 1869 4711 vel
1907 4655 2133 4726 similia,
2173 4657 2242 4710 cf.
2273 4675 2326 4727 p.
2360 4662 2447 4723 93,
2470 4662 2516 4709 7.

627 4738 680 4807 3)
717 4746 828 4791 τῶν
870 4781 880 4791 .
924 4781 934 4792 .
979 4782 988 4792 .
1027 4733 1446 4807 κατακειμένων
1483 4737 1747 4793 ἀσθενῶν
1783 4737 1847 4792 τὸ
1885 4739 2105 4808 πλῆθος
2142 4743 2193 4808 9,
2223 4742 2362 4793 3445
2381 4737 2447 4790 A.
