3611 5264
1204 330 1287 385 De
1327 328 1638 385 incubandi
1673 328 1877 383 ritibus
1915 327 2311 398 symbolisque.
2973 326 3059 390 43

436 493 752 558 Homines
807 492 1251 578 Trophonium
1326 493 1686 559 consulturi
1751 493 1819 556 in
1885 493 2152 575 adytum
2209 492 2665 557 descendentes
2728 491 3058 575 placentas

439 614 653 656 secum
701 591 1018 677 ferebant,
1067 615 1228 677 quae
1275 592 1454 656 vario
1502 591 1693 655 modo
1740 590 2175 674 appellantur:
2231 595 2660 673 πλακοῦντες,
2706 592 2972 654 πόπανα
2986 587 3060 676 ¹),

444 694 659 776 μᾶζαι,
704 691 979 774 μαγίδες
995 687 1067 777 2),
1113 687 1621 777 μελιτοῦτταιῧ),
1666 687 1919 776 βοῦς4),
1966 685 2303 774 εἰλυταί5).

579 882 881 937 Placentae
919 883 1005 937 dis
1045 883 1328 938 chthoniis
1367 884 1777 950 sacrificantur,
1817 901 1867 936 v.
1906 881 2193 936 Dieterich
2230 881 2438 935 Abrax.
2478 899 2531 950 p.
2567 886 2668 935 158
2697 880 2763 934 A.
2830 880 3059 951 Stengel

580 961 673 1017 Gr.
734 962 1070 1019 Kultusalt.²
1129 981 1182 1032 p.
1229 969 1297 1018 89
1320 982 1400 1032 sq.
1462 964 1702 1017 adnotat
1769 962 2072 1032 praecipue
2135 959 2381 1016 πέλανον
2442 960 2561 1031 (qui
2621 960 2715 1015 Ar.
2765 960 2910 1015 Plut.
2956 966 3055 1013 661

580 1046 1060 1114 commemoratur)
1098 1044 1159 1097 in
1197 1043 1589 1098 chthoniorum
1627 1043 1782 1097 cultu
1821 1043 2094 1096 usitatum
2121 1042 2310 1108 fuisse,
2348 1057 2692 1110 quamquam
2720 1040 2893 1094 etiam
2932 1040 3059 1094 aliis

580 1123 667 1177 dis
705 1123 1061 1192 offerebatur,
1101 1126 1168 1180 cf.
1208 1125 1409 1179 Pollux
1446 1124 1523 1178 VI
1562 1129 1653 1178 76:
1710 1120 1944 1177 πέλανοι
1980 1120 2043 1176 δὲ
2081 1123 2263 1177 κοινοὶ
2310 1129 2447 1176 πᾶσι
2494 1125 2670 1184 1θεοῖς.
2756 1121 3058 1174 Placentae

577 1204 635 1257 in
664 1203 925 1273 magicis:
955 1203 1322 1273 παρακείσθω
1360 1203 1423 1258 δὲ
1461 1205 1611 1276 αὐτῷ
1659 1205 1753 1272 (sc.
1785 1200 2040 1270 ἀλέκτορι
2067 1204 2240 1274 λευκῷ
2254 1205 2287 1269 2)
2341 1200 2622 1257 πόπανα
2660 1194 3058 1266 ζ’πλακοῦν-

577 1302 685 1348 τες
730 1276 772 1349 ζ
820 1284 999 1339 Wess.
1040 1283 1131 1339 Gr.
1181 1285 1290 1339 ZP.
1332 1290 1417 1351 75,
1465 1289 1604 1337 2190
1626 1301 1706 1351 sq.
1800 1285 2235 1346 πλακοῦντας
2271 1280 2314 1347 ζ
2372 1283 2470 1336 καὶ
2524 1278 2802 1335 πόπανα
2858 1278 2908 1345 ζ’
2962 1282 3056 1349 (sc.

576 1361 816 1433 τέλεσον)
911 1365 1158 1434 Parthey
1218 1371 1348 1432 128,
1377 1371 1498 1418 288.
1546 1396 1612 1403 -
1661 1363 1743 1416 De
1790 1362 2093 1416 melituttis
2140 1361 2200 1414 in
2247 1362 2403 1415 cultu
2447 1360 2690 1415 inferum
2735 1379 2784 1414 v.
2826 1358 3058 1429 Stcngel

582 1442 674 1498 Gr.
713 1443 1050 1499 Kultusalt.'
1085 1463 1139 1514 p.
1171 1451 1256 1499 90.
1330 1445 1529 1499 Rohde
1567 1442 1813 1513 Psyche²
1848 1442 1873 1495 I
1912 1446 2017 1495 305
2065 1442 2195 1496 adn.
2244 1443 2312 1497 cf.
2364 1441 2498 1497 Otto
2535 1441 2683 1495 Jahn
2721 1440 3055 1509 Archaolog.

576 1523 841 1593 Beitritge
877 1542 931 1592 p.
973 1530 1104 1591 223,
1148 1529 1228 1580 15.
1301 1524 1481 1578 Wess.
1533 1523 1625 1577 Gr.
1667 1522 1766 1578 ZP.
1808 1528 1903 1589 39,
1934 1526 2037 1576 754
2059 1539 2165 1590 sq.:
2234 1520 2590 1593 συνεμβαλὼν
2631 1566 2640 1577 .
2685 1565 2694 1575 .
2738 1563 2749 1576 .
2798 1521 2893 1574 καὶ
2938 1517 3058 1589 μέλι

572 1604 806 1665 λειώσας
846 1604 984 1672 (W.:
1022 1607 1224 1667 λιωσας
1258 1606 1335 1674 p.)
1373 1602 1612 1675 ποίησον
1650 1601 1864 1674 μάζιον.

614 1890 665 1958 1)
702 1889 1036 1960 βαστάζουσι
1071 1890 1394 1946 πλακοῦντά
1429 1910 1558 1945 τινα
1596 1889 1768 1944 schol.
1797 1890 1891 1943 Ar.
1922 1889 2068 1943 Nub.
2101 1894 2204 1943 508
2233 1890 2274 1943 Ι.
2303 1890 2435 1952 τοὺς
2460 1892 2814 1951 πλακοῦντας
2840 1889 3059 1959 ἔχοντες

430 1967 510 2022 ib.
560 1969 654 2024 ΙΙΙ.
703 1968 923 2040 ἔχοντες
969 1969 1030 2025 ἐν
1083 1980 1212 2026 ταῖν
1258 1981 1446 2041 χεροῖν
1501 1969 1735 2026 πόπανα
1780 1972 1857 2025 ib.
1906 1970 1983 2024 IV
2021 1997 2087 2016 =
2126 1969 2296 2025 schol.
2346 1971 2475 2024 Luc.
2527 1969 2659 2024 dial.
2708 1972 2868 2023 mort.
2918 1976 2950 2021 3
2990 1969 3054 2023 11.

430 2051 784 2112 πλακοῦντας
838 2049 1067 2121 ἔβαλλον
1130 2051 1283 2106 Suid.
1338 2070 1378 2106 s.
1427 2070 1477 2106 v,
1535 2053 1879 2120 Τροφώνιος.
1953 2053 2308 2114 πλακοῦντας
2358 2049 2591 2121 ἔβαλλον
2642 2047 2816 2118 μέλιτι
2865 2050 3056 2103 δεδευ-

435 2125 638 2196 μένους
674 2129 844 2184 schol.
884 2131 976 2185 Ar.
1018 2129 1166 2186 Nub.
1208 2136 1310 2186 508
1348 2132 1414 2187 V.

612 2219 665 2286 2)
704 2216 900 2286 μάζας.
927 2218 1013 2274 ,ἐν
1051 2230 1237 2290 χεροῖν
1276 2220 1416 2292 ἔχων
1451 2222 1597 2275 Max,
1638 2221 1765 2290 Tyr.
1808 2221 1939 2283 diss,
1983 2226 2155 2287 14,.2.
2205 2222 2386 2289 μᾶζαν
2425 2219 2486 2273 ἐν
2525 2228 2654 2273 ταῖν
2692 2226 2880 2289 χεροῖν
2918 2217 3057 2287 ἔχων

431 2297 560 2351 Luc,
584 2296 715 2352 dial.
737 2301 899 2353 mort.
924 2304 974 2366 3,
995 2305 1045 2355 2.
1088 2298 1340 2371 μαγίδες,
1377 2304 1563 2370 μᾶζαι,
1599 2299 1882 2356 τουτέστιν
1920 2300 2080 2369 ἄρτοι
2118 2301 2217 2364 οὓς
2251 2296 2667 2368 καταφέρουσιν
2706 2300 2760 2353 οἱ
2798 2300 2878 2363 εἰς
2919 2304 3059 2368 Τρο-

428 2374 645 2445 φωνίου
682 2376 970 2443 κατιόντες
1005 2379 1191 2449 Etym.
1214 2381 1402 2451 Magn.
1423 2399 1478 2450 p.
1511 2387 1633 2449 573,
1662 2387 1694 2434 2
1733 2400 1774 2436 s.
1804 2401 1853 2435 v,
1885 2378 2094 2451 Μαγίς.
2125 2380 2193 2434 cf.
2224 2381 2464 2450 Hesych.
2491 2398 2531 2434 s.
2563 2398 2610 2433 v,
2633 2377 2877 2450 μαγίδες.
2917 2378 3057 2450 ἔχων

430 2455 607 2525 μάζας
652 2456 1005 2529 μεμαγμένας
1049 2457 1223 2529 μέλιτι
1271 2460 1436 2516 Paus,
1476 2461 1552 2514 IX
1582 2467 1666 2529 39,
1699 2467 1779 2515 11.
1858 2458 2202 2530 ἀμφοτέραις
2235 2469 2361 2524 ταῖς
2397 2461 2550 2531 χερσὶ
2584 2460 2848 2522 τοιαύτας
2884 2458 3059 2528 μάζας

429 2535 736 2606 λαβόντες.
779 2581 789 2592 .
834 2582 843 2593 .
887 2582 898 2593 .
947 2538 1046 2601 τὰς
1092 2538 1155 2594 δὲ
1203 2539 1378 2609 μάζας
1420 2540 1804 2612 λαμβάνουσιν
1855 2540 2024 2595 schol.
2065 2541 2158 2596 Ar.
2198 2540 2345 2594 Nub.
2388 2545 2491 2594 508
2538 2540 2604 2596 V.
2644 2538 2745 2604 τὰς
2781 2540 2844 2594 δὲ
2883 2537 3059 2608 μάζας

438 2614 752 2688 ἐλάμβανον
791 2617 957 2674 Suid.·
986 2639 1027 2675 s,
1068 2640 1117 2674 v.
1164 2623 1506 2690 Τροφώνιος.

606 2709 660 2776 3)
698 2711 1044 2776 μελιτοῦτται
1091 2710 1262 2765 schol.
1310 2711 1401 2763 Ar.
1442 2710 1588 2765 Nub.
1629 2716 1732 2764 508
1770 2711 1863 2764 ΠΙ.
1939 2709 2039 2774 δός
2084 2731 2179 2780 μοι
2225 2714 2583 2781 μελιτοῦτταν
2629 2709 2925 2779 πρότερον·
2985 2710 3058 2773 ὡς

435 2783 645 2840 δέδοικ’
691 2786 796 2856 ἐγὼ
829 2790 837 2856 Ι
870 2787 998 2842 εἴσω
1036 2787 1397 2861 καταβαίνων
1434 2788 1615 2859 ὥσπερ
1655 2790 1711 2854 ἐς
1761 2787 2097 2858 Τροφωνίου
2143 2790 2235 2844 Ar.
2276 2790 2423 2844 Nub.
2462 2796 2567 2844 507
2588 2808 2669 2859 sq.
2736 2793 3058 2859 μελιτοῦττα

429 2870 572 2933 μᾶζα
620 2864 794 2935 μέλιτι
841 2867 1170 2939 δεδευμένη·
1223 2868 1296 2938 ἣν
1341 2869 1561 2939 ἔφερον,
1607 2871 1681 2933 ὡς
1728 2869 1984 2938 ἐδόκουν,
2040 2878 2159 2933 τοῖς
2216 2870 2378 2939 ὄφεσι
2430 2878 2550 2934 τοῖς
2606 2869 2670 2925 έν
2723 2867 3057 2938 Τροφωνίου

431 2944 882 3016 μαντευομένοις.
941 2949 1093 3005 Suid.
1143 2969 1183 3004 s,
1223 2968 1270 3004 v,
1313 2953 1648 3019 μελιτοῦττα.
1723 2953 2046 3019 μελιτοῦττα
2083 2948 2273 3019 μέντοι
2325 2947 2635 3023 Τροφωνίῳ
2675 2953 2769 3020 (sc.
2810 2968 3055 3019 προσφε-

428 3023 686 3096 ρόμενον)
733 3027 933 3081 Pollux
978 3029 1056 3083 VI
1096 3036 1162 3084 76
1203 3032 1367 3101 (quae
1416 3032 1678 3084 secuntur
1725 3030 1845 3101 [καὶ
1884 3028 2137 3099 ἀρεστήρ,
2175 3031 2273 3084 καὶ
2319 3028 2504 3101 ὑγίεια
2551 3028 2777 3101 ὁμοίως]
2824 3046 2954 3097 11011,
2993 3034 3057 3085 ut

431 3104 612 3173 primo
660 3106 881 3161 videtur
927 3109 1146 3177 obtutu,
1196 3110 1270 3164 ad
1315 3103 1701 3178 Trophonium
1745 3111 2048 3179 pertinent,
2099 3128 2225 3164 cum
2271 3110 2644 3180 supplendum
2694 3110 2770 3164 sit
2805 3109 2918 3164 ἀπὸ
2955 3119 3055 3164 τοῦ

431 3184 710 3254 σχήματος
753 3184 1083 3259 κέκληνται).
1132 3190 1484 3260 μελιτούττας
1530 3188 1846 3260 ἀπάγοντες
1890 3189 1952 3245 ἐν
1996 3199 2125 3245 ταῖν
2162 3200 2351 3262 χεροῖν
2387 3190 2649 3245 Philostr.
2689 3192 2754 3246 V.
2796 3189 3052 3259 Apollon.

427 3264 641 3319 V11119
664 3284 718 3334 p.
740 3273 862 3333 335,
881 3274 945 3321 17
959 3269 1022 3322 Κ.
1053 3268 1399 3340 ἀμφοτέραις
1432 3279 1557 3333 ταῖς
1583 3271 1735 3341 χερσὶ
1772 3270 2126 3340 μελιτούττας
2159 3270 2441 3343 λαβόντες,
2472 3268 2504 3324 ὅ
2531 3270 2646 3325 ἐστι
2673 3270 2849 3339 μάζας
2883 3267 3057 3339 μέλιτι

427 3343 765 3413 δεδευμένας
801 3346 954 3402 Suid.
986 3367 1026 3404 s.
1058 3368 1105 3404 v.
1141 3352 1483 3419 Τροφώνιος.
1549 3347 1896 3420 ἀμφοτέραις
1947 3359 2072 3413 ταῖς
2111 3352 2263 3421 χερσὶ
2300 3351 2654 3420 μελιτούττας
2688 3349 2951 3422 λαβόντες
2971 3395 2982 3406 .
3007 3394 3019 3406 .
3042 3394 3053 3405 .

427 3421 529 3485 τὰς
565 3421 628 3477 δὲ
666 3426 1035 3496 μελιτούττας,
1074 3426 1106 3482 ὅ
1143 3429 1255 3484 ἐστι
1293 3429 1484 3499 μάζας,
1521 3429 1838 3501 ἐλάμβανον
1874 3434 1983 3485 κτλ.
2049 3430 2301 3500 Apostol.
2340 3430 2496 3484 XVII
2533 3436 2617 3485 30.

604 3511 659 3579 4)
697 3510 939 3580 Etymol.
987 3515 1175 3584 Magn.
1226 3534 1265 3569 S.
1314 3534 1362 3569 V.
1412 3519 1547 3588 βοῦς
1590 3536 1644 3587 p.
1678 3524 1809 3584 204,
1849 3524 1906 3574 7:
1990 3518 2101 3573 ἔστι
2152 3520 2288 3590 βοῦς
2351 3521 2448 3573 καὶ
2511 3514 2662 3582 εἶδος
2711 3522 3057 3582 πλακοῦντος

427 3586 727 3658 διδομένου
763 3598 883 3655 τοῖς
919 3592 998 3655 εἰς
1040 3592 1373 3662 Τροφωνίου
1411 3595 1844 3668 καταβαίνουσι,
1883 3596 2029 3660 διότι
2058 3598 2113 3653 οἱ
2150 3596 2593 3670 καταβαίνοντες
2628 3598 2708 3659 εἰς
2743 3598 2804 3651 τὸ
2842 3596 3056 3652 ἄδυτον

430 3673 744 3739 μυκηθμῶν
781 3670 1172 3728 αἰσθάνονται.
1223 3674 1421 3742 Causa,
1458 3693 1605 3745 quae
1640 3679 1912 3747 traditur,
1952 3680 2071 3734 sine
2111 3679 2284 3734 dubio
2320 3679 2489 3748 plane
2526 3678 2813 3746 fabulosa3
2865 3679 3056 3732 tamen

425 3748 720 3818 placentas
758 3751 878 3805 eius
916 3752 1128 3807 formae
1167 3755 1448 3809 exstitisse
1486 3772 1517 3810 0
1555 3756 1782 3812 Polluce
1822 3758 2088 3813 discimus
2129 3759 2225 3829 <VI
2264 3762 2376 3829 76):
2434 3758 2728 3829 κέκληνται
2765 3756 2827 3813 δὲ
2865 3761 2959 3828 (sc.
3001 3759 3055 3814 οἱ

428 3827 680 3900 πέλανοι)
702 3829 814 3885 ἀπὸ
827 3840 928 3887 τοῦ
949 3833 1241 3904 σχήματος,
1271 3834 1453 3905 ὥσπερ
1474 3836 1621 3891 καὶὸ
1641 3840 1800 3909 βοῦς·
1832 3838 2020 3909 πέμμα
2050 3839 2155 3911 γάρ
2185 3841 2297 3895 ἐστι
2316 3838 2524 3909 κέρατα
2555 3839 2682 3910 ἔχον
2709 3838 3055 3911 πεπηγμένα,

430 3908 887 4001 προσφερόμενον
903 3911 1196 3970 Ἀπόλλωνι
1214 3917 1313 3970 καὶ
1333 3913 1605 3985 Ἀρτέμιδι
1632 3919 1728 3973 καὶ
1753 3915 2001 3991 Ἑκάτῃ
2032 3922 2129 3975 καὶ
2166 3920 2402 3993 Σελήνῃ.
2435 3920 2787 3988 Quamquam
2805 3919 3055 3990 Tropho—

432 4005 558 4042 mus
587 3990 680 4043 hic
716 4007 830 4045 non
867 3994 1189 4049 nominatur
1228 3995 1317 4065 (cf.
1359 4012 1502 4064 quae
1542 3997 1737 4051 statim
1775 4002 2075 4070 secuntur),
2112 4000 2325 4054 Hecate
2365 3999 2594 4068 quidem
2631 4000 2738 4053 dea
2786 4000 3056 4056 chthonia

430 4068 594 4122 nobis
643 4071 898 4125 occurrit.
965 4072 1301 4143 Ceteroquin
1339 4074 1460 4128 fieri
1496 4093 1608 4129 non
1645 4080 1837 4147 potest
1872 4080 2009 4147 quin
2049 4080 2312 4133 adnotem
2353 4078 2595 4133 alterum
2632 4081 3057 4135 memorabilem

424 4147 801 4219 Etymologici
846 4149 1029 4205 locum
1077 4171 1131 4222 p.
1164 4160 1287 4221 203,
1318 4161 1403 4222 38,
1441 4155 1541 4209 ubi
1578 4156 1744 4226 legis:
1799 4160 1957 4229 βοῦς·
2009 4160 2070 4213 τὸ
2119 4163 2263 4230 ζῷον
2299 4157 2456 4227 παρὰ
2500 4158 2563 4213 τὸ
2614 4161 2711 4231 βῶ,
2749 4159 2810 4214 τὸ
2846 4158 3053 4229 τρέφω,

428 4227 491 4282 τὸ
528 4226 737 4297 τρέφον
772 4230 920 4299 ἡμᾶς
956 4231 1017 4286 ἐκ
1053 4240 1152 4302 τῆς
1186 4235 1314 4302 περὶ
1349 4234 1454 4303 τὴν
1489 4243 1596 4305 γῆν
1633 4236 1910 4307 ἐργασίας.
1985 4240 2083 4310 βῶ,
2119 4236 2321 4308 τρέφω,
2360 4240 2511 4311 βοῦς,
2555 4242 2941 4309 ΤρεφώνιοςΞῬ

603 4319 656 4387 5)
695 4317 787 4371 Sic
833 4319 984 4372 enim
1021 4322 1269 4390 explicat
1313 4323 1609 4378 Meisterus
1661 4326 1874 4395 (Boeot.
1922 4327 2130 4381 Inschr.
2180 4346 2234 4397 p.
2270 4330 2391 4398 159)
2428 4328 2577 4382 110110
2624 4346 2816 4383 vocem
2866 4329 3051 4396 εἰλυτή

427 4399 521 4465 (sc.
562 4398 723 4465 μᾶζα,
762 4402 1117 4468 comparatur
1152 4400 1416 4470 στρεπτός
1453 4421 1526 4458 sc.
1564 4408 1852 4475 πλακοῦς),
1891 4423 2036 4474 quae
2072 4407 2161 4461 bis
2198 4407 2482 4462 invenitur
2515 4408 2576 4462 in
2616 4409 2839 4463 decreto
2875 4409 3053 4462 Leba-

430 4476 718 4529 deensium
766 4476 823 4531 C.
862 4478 901 4533 I.
943 4477 1005 4534 G.
1048 4480 1198 4550 Sept.
1238 4483 1263 4536 I
1302 4489 1466 4552 3055,
1495 4491 1669 4553 4sqq.
1711 4512 1778 4531 =
1817 4485 2048 4540 Meister
2093 4487 2283 4543 Boeot.
2333 4488 2539 4544 Inschr.
2579 4507 2632 4558 p.
2668 4494 2769 4542 156
2807 4506 2887 4542 nr.
2919 4493 3048 4542 413:

427 4558 817 4626 (κατιαρῶμεν)
847 4554 983 4612 δέκα
1013 4560 1316 4630 δραχμάων
1344 4562 1663 4636 ε[ἰλ]υ[τ]ἀς
1682 4566 1834 4633 (nam
1863 4565 1944 4618 sic
1972 4570 2266 4621 accentum
2294 4586 2419 4622 cum
2438 4568 2702 4622 Meistero
2729 4567 3052 4636 ponendum

428 4652 550 4691 esse
578 4636 858 4707 existimo)
888 4636 1026 4692 δέκα
1054 4640 1198 4694 κατὰ
1217 4642 1457 4716 αὐτ[όν].
1488 4644 1558 4713 κὴ
1588 4641 1738 4707 ὅστις
1766 4644 1909 4715 [μ]εὶ
1936 4646 2302 4719 καταβεβάων
2332 4645 2638 4719 ἀντίθε[ιτι
2668 4645 2813 4701 κατὰ
2851 4646 3052 4718 αὐτ]ον

426 4712 564 4770 δέκα
602 4717 905 4788 δραχμάων
943 4718 1161 4783 εἰλυτάς
1196 4722 1349 4790 δέκα,
1384 4722 1670 4793 γραφέμεν
1708 4724 1932 4797 αὐτ[ὸν]
1972 4725 2034 4780 ἐν
2069 4725 2200 4796 τρία
2239 4726 2505 4783 τάλαντα.
