<?xml version="1.0" encoding="UTF-8"?>
<!DOCTYPE html PUBLIC "-//W3C//DTD XHTML 1.0 Transitional//EN"
    "http://www.w3.org/TR/xhtml1/DTD/xhtml1-transitional.dtd">
<html xmlns="http://www.w3.org/1999/xhtml" xml:lang="en" lang="en">
 <head>
  <title>
</title>
<meta http-equiv="Content-Type" content="text/html;charset=utf-8" />
  <meta name='ocr-system' content='tesseract 3.04.00' />
  <meta name='ocr-capabilities' content='ocr_page ocr_carea ocr_par ocr_line ocrx_word'/>
</head>
<body>
  <div class='ocr_page' id='page_1' title='image "./deincubationeca02deubgoog_0098.png"; bbox 0 0 3611 5264; ppageno 0'>
   <div class='ocr_carea' id='block_1_1' title="bbox 574 315 2045 384">
    <p class='ocr_par' dir='ltr' id='par_1_1' title="bbox 574 315 2045 384">
     <span class='ocr_line' id='line_1_1' title="bbox 574 315 2045 384; baseline 0 -16"><span class='ocrx_word' id='word_1_1' title='bbox 574 320 657 382; x_wconf 82' lang='grc'><strong><em>86</em></strong></span> <span class='ocrx_word' id='word_1_2' title='bbox 1737 315 1920 384; x_wconf 85' lang='lat' dir='ltr'>Caput</span> <span class='ocrx_word' id='word_1_3' title='bbox 1954 315 2045 368; x_wconf 92' lang='lat' dir='ltr'><strong><em>IV.</em></strong></span> 
     </span>
    </p>
   </div>
   <div class='ocr_carea' id='block_1_2' title="bbox 495 477 3201 4286">
    <p class='ocr_par' dir='ltr' id='par_1_2' title="bbox 572 477 3197 857">
     <span class='ocr_line' id='line_1_2' title="bbox 577 477 3197 569; baseline -0.002 -21"><span class='ocrx_word' id='word_1_4' title='bbox 577 483 846 569; x_wconf 82' lang='grc' dir='ltr'><strong><em>ἀρωγὴν</em></strong></span> <span class='ocrx_word' id='word_1_5' title='bbox 895 535 906 546; x_wconf 94' lang='grc'><strong><em>.</em></strong></span> <span class='ocrx_word' id='word_1_6' title='bbox 958 534 969 546; x_wconf 92' lang='grc'><strong><em>.</em></strong></span> <span class='ocrx_word' id='word_1_7' title='bbox 1019 531 1032 545; x_wconf 94' lang='grc'><strong><em>.</em></strong></span> <span class='ocrx_word' id='word_1_8' title='bbox 1079 483 1319 557; x_wconf 82' lang='grc' dir='ltr'><strong><em>τόπος</em></strong></span> <span class='ocrx_word' id='word_1_9' title='bbox 1365 477 1694 565; x_wconf 63' lang='grc' dir='ltr'><strong><em>οὐδεὶςῑ)</em></strong></span> <span class='ocrx_word' id='word_1_10' title='bbox 1745 532 1756 543; x_wconf 92' lang='grc'><strong><em>.</em></strong></span> <span class='ocrx_word' id='word_1_11' title='bbox 1807 531 1819 543; x_wconf 94' lang='grc'><strong><em>.</em></strong></span> <span class='ocrx_word' id='word_1_12' title='bbox 1869 531 1881 543; x_wconf 92' lang='grc'><strong><em>.</em></strong></span> <span class='ocrx_word' id='word_1_13' title='bbox 1931 479 2020 555; x_wconf 81' lang='grc' dir='ltr'><strong><em>ὡς</em></strong></span> <span class='ocrx_word' id='word_1_14' title='bbox 2055 478 2164 544; x_wconf 85' lang='grc' dir='ltr'><strong><em>καὶ</em></strong></span> <span class='ocrx_word' id='word_1_15' title='bbox 2202 482 2349 544; x_wconf 88' lang='grc' dir='ltr'><strong><em>τότε</em></strong></span> <span class='ocrx_word' id='word_1_16' title='bbox 2387 480 2831 566; x_wconf 75' lang='grc' dir='ltr'><strong><em>Χριστοδώρῳ</em></strong></span> <span class='ocrx_word' id='word_1_17' title='bbox 2876 477 3197 563; x_wconf 80' lang='grc' dir='ltr'><strong><em>φανέντες</em></strong></span> 
     </span>
     <span class='ocr_line' id='line_1_3' title="bbox 575 574 3195 664; baseline -0.002 -19"><span class='ocrx_word' id='word_1_18' title='bbox 575 579 948 664; x_wconf 80' lang='grc' dir='ltr'><strong><em>καλέσαντι,</em></strong></span> <span class='ocrx_word' id='word_1_19' title='bbox 1001 579 1037 644; x_wconf 99' lang='lat'><em>6</em></span> <span class='ocrx_word' id='word_1_20' title='bbox 1084 576 1208 663; x_wconf 76' lang='grc' dir='ltr'><strong><em>μὲν</em></strong></span> <span class='ocrx_word' id='word_1_21' title='bbox 1253 579 1522 663; x_wconf 77' lang='grc' dir='ltr'><strong><em>ἠρεμεῖν</em></strong></span> <span class='ocrx_word' id='word_1_22' title='bbox 1567 589 1708 654; x_wconf 90' lang='grc' dir='ltr'><strong><em>τοῖς</em></strong></span> <span class='ocrx_word' id='word_1_23' title='bbox 1755 576 2025 661; x_wconf 80' lang='grc' dir='ltr'><strong><em>ἀνέμοις</em></strong></span> <span class='ocrx_word' id='word_1_24' title='bbox 2070 576 2432 660; x_wconf 84' lang='grc' dir='ltr'><strong><em>ἐκέλευσεν,</em></strong></span> <span class='ocrx_word' id='word_1_25' title='bbox 2479 576 2513 641; x_wconf 91' lang='grc' dir='ltr'>ὁ</span> <span class='ocrx_word' id='word_1_26' title='bbox 2554 574 2626 641; x_wconf 73' lang='grc' dir='ltr'><strong><em>δὲ</em></strong></span> <span class='ocrx_word' id='word_1_27' title='bbox 2663 576 3013 660; x_wconf 80' lang='grc' dir='ltr'><strong><em>ἡσυχάζειν</em></strong></span> <span class='ocrx_word' id='word_1_28' title='bbox 3052 576 3195 642; x_wconf 88' lang='grc' dir='ltr'><strong><em>ε’πε-</em></strong></span> 
     </span>
     <span class='ocr_line' id='line_1_4' title="bbox 574 674 3193 763; baseline -0.001 -20"><span class='ocrx_word' id='word_1_29' title='bbox 574 683 729 763; x_wconf 87' lang='grc' dir='ltr'><strong><em>τίμα</em></strong></span> <span class='ocrx_word' id='word_1_30' title='bbox 775 689 914 755; x_wconf 88' lang='grc' dir='ltr'><strong><em>τοῖς</em></strong></span> <span class='ocrx_word' id='word_1_31' title='bbox 958 678 1201 742; x_wconf 80' lang='grc' dir='ltr'><strong><em>ὕδασιν</em></strong></span> <span class='ocrx_word' id='word_1_32' title='bbox 1245 682 1380 741; x_wconf 90' lang='grc' dir='ltr'><strong><em>κτλ.</em></strong></span> <span class='ocrx_word' id='word_1_33' title='bbox 1432 679 1489 759; x_wconf 81' lang='lat'><strong><em>8,</em></strong></span> <span class='ocrx_word' id='word_1_34' title='bbox 1519 675 1694 739; x_wconf 83' lang='lat'><strong>3437</strong></span> <span class='ocrx_word' id='word_1_35' title='bbox 1720 674 1927 759; x_wconf 84' lang='lat' dir='ltr'><strong><em>quq.</em></strong></span> <span class='ocrx_word' id='word_1_36' title='bbox 2021 675 2433 739; x_wconf 86' lang='lat' dir='ltr'>Theodorum</span> <span class='ocrx_word' id='word_1_37' title='bbox 2470 676 2538 738; x_wconf 90' lang='lat' dir='ltr'>in</span> <span class='ocrx_word' id='word_1_38' title='bbox 2577 675 2738 740; x_wconf 87' lang='lat' dir='ltr'>mari</span> <span class='ocrx_word' id='word_1_39' title='bbox 2775 698 2966 741; x_wconf 89' lang='lat' dir='ltr'>arena</span> <span class='ocrx_word' id='word_1_40' title='bbox 3002 675 3193 740; x_wconf 89' lang='lat' dir='ltr'>obru-</span> 
     </span>
     <span class='ocr_line' id='line_1_5' title="bbox 572 773 1468 857; baseline -0.003 -17"><span class='ocrx_word' id='word_1_41' title='bbox 572 781 713 841; x_wconf 93' lang='lat' dir='ltr'><strong><em>tum</em></strong></span> <span class='ocrx_word' id='word_1_42' title='bbox 762 781 1018 840; x_wconf 84' lang='lat' dir='ltr'>servant</span> <span class='ocrx_word' id='word_1_43' title='bbox 1062 774 1166 857; x_wconf 82' lang='lat'><strong><em>53,</em></strong></span> <span class='ocrx_word' id='word_1_44' title='bbox 1195 774 1366 838; x_wconf 82' lang='lat'>3621</span> <span class='ocrx_word' id='word_1_45' title='bbox 1391 773 1468 837; x_wconf 89' lang='lat' dir='ltr'><strong><em>A.</em></strong></span> 
     </span>
    </p>

    <p class='ocr_par' dir='ltr' id='par_1_3' title="bbox 574 870 3199 2622">
     <span class='ocr_line' id='line_1_6' title="bbox 750 870 3192 957; baseline -0.001 -19"><span class='ocrx_word' id='word_1_46' title='bbox 750 874 945 939; x_wconf 89' lang='lat' dir='ltr'><strong>Domi</strong></span> <span class='ocrx_word' id='word_1_47' title='bbox 1009 876 1318 957; x_wconf 75' lang='lat' dir='ltr'>apparent</span> <span class='ocrx_word' id='word_1_48' title='bbox 1374 873 1578 937; x_wconf 85' lang='lat' dir='ltr'>sancti</span> <span class='ocrx_word' id='word_1_49' title='bbox 1636 870 2037 936; x_wconf 84' lang='lat' dir='ltr'>Christodori</span> <span class='ocrx_word' id='word_1_50' title='bbox 2095 873 2426 936; x_wconf 79' lang='lat' dir='ltr'>oeconomi</span> <span class='ocrx_word' id='word_1_51' title='bbox 2473 873 2688 956; x_wconf 85' lang='lat' dir='ltr'>uxori,</span> <span class='ocrx_word' id='word_1_52' title='bbox 2745 873 2983 957; x_wconf 90' lang='lat' dir='ltr'>quippe</span> <span class='ocrx_word' id='word_1_53' title='bbox 3029 895 3192 956; x_wconf 91' lang='lat' dir='ltr'>quae</span> 
     </span>
     <span class='ocr_line' id='line_1_7' title="bbox 575 969 3195 1057; baseline -0.001 -21"><span class='ocrx_word' id='word_1_54' title='bbox 575 974 808 1037; x_wconf 92' lang='lat' dir='ltr'>marito</span> <span class='ocrx_word' id='word_1_55' title='bbox 873 971 1255 1057; x_wconf 89' lang='lat' dir='ltr'>persuadere</span> <span class='ocrx_word' id='word_1_56' title='bbox 1320 975 1610 1053; x_wconf 88' lang='lat' dir='ltr'>conetur,</span> <span class='ocrx_word' id='word_1_57' title='bbox 1673 992 1754 1035; x_wconf 93' lang='lat' dir='ltr'><strong><em>ne</em></strong></span> <span class='ocrx_word' id='word_1_58' title='bbox 1820 973 2178 1054; x_wconf 81' lang='lat' dir='ltr'>martyrum</span> <span class='ocrx_word' id='word_1_59' title='bbox 2240 969 2557 1054; x_wconf 91' lang='lat' dir='ltr'>templum</span> <span class='ocrx_word' id='word_1_60' title='bbox 2620 970 3195 1035; x_wconf 86' lang='lat' dir='ltr'>administrandum</span> 
     </span>
     <span class='ocr_line' id='line_1_8' title="bbox 577 1067 3193 1155; baseline -0 -21"><span class='ocrx_word' id='word_1_61' title='bbox 577 1071 911 1154; x_wconf 87' lang='lat' dir='ltr'>suscipiat:</span> <span class='ocrx_word' id='word_1_62' title='bbox 967 1071 1131 1135; x_wconf 82' lang='grc' dir='ltr'><strong><em>κατὰ</em></strong></span> <span class='ocrx_word' id='word_1_63' title='bbox 1187 1072 1343 1144; x_wconf 87' lang='grc' dir='ltr'><strong><em>τοὺς</em></strong></span> <span class='ocrx_word' id='word_1_64' title='bbox 1397 1068 1653 1145; x_wconf 80' lang='grc' dir='ltr'><strong><em>ὕπνους</em></strong></span> <span class='ocrx_word' id='word_1_65' title='bbox 1707 1077 1797 1155; x_wconf 76' lang='grc' dir='ltr'><strong><em>τῷ</em></strong></span> <span class='ocrx_word' id='word_1_66' title='bbox 1860 1071 2115 1155; x_wconf 75' lang='grc' dir='ltr'><strong><em>γυναίῳ</em></strong></span> <span class='ocrx_word' id='word_1_67' title='bbox 2170 1067 2590 1152; x_wconf 77' lang='grc' dir='ltr'><strong><em>παρέστησαν</em></strong></span> <span class='ocrx_word' id='word_1_68' title='bbox 2647 1074 2781 1133; x_wconf 85' lang='grc' dir='ltr'><strong><em>κτλ.</em></strong></span> <span class='ocrx_word' id='word_1_69' title='bbox 2831 1069 2890 1151; x_wconf 98' lang='grc'>9,</span> <span class='ocrx_word' id='word_1_70' title='bbox 2920 1068 3096 1132; x_wconf 90' lang='grc'><strong>3444</strong></span> <span class='ocrx_word' id='word_1_71' title='bbox 3113 1068 3193 1133; x_wconf 91' lang='lat' dir='ltr'><strong><em>D.</em></strong></span> 
     </span>
     <span class='ocr_line' id='line_1_9' title="bbox 575 1165 3195 1252; baseline -0.001 -20"><span class='ocrx_word' id='word_1_72' title='bbox 575 1168 741 1233; x_wconf 93' lang='lat' dir='ltr'>Item</span> <span class='ocrx_word' id='word_1_73' title='bbox 787 1167 958 1252; x_wconf 89' lang='lat' dir='ltr'>apud</span> <span class='ocrx_word' id='word_1_74' title='bbox 1003 1165 1443 1248; x_wconf 90' lang='lat' dir='ltr'>Athanasiam,</span> <span class='ocrx_word' id='word_1_75' title='bbox 1491 1188 1652 1249; x_wconf 90' lang='lat' dir='ltr'>quae</span> <span class='ocrx_word' id='word_1_76' title='bbox 1700 1167 1936 1230; x_wconf 86' lang='lat' dir='ltr'>sanctis</span> <span class='ocrx_word' id='word_1_77' title='bbox 1982 1165 2419 1249; x_wconf 71' lang='lat' dir='ltr'><strong>maledicebat,</strong></span> <span class='ocrx_word' id='word_1_78' title='bbox 2465 1166 2766 1230; x_wconf 84' lang='lat' dir='ltr'>videntur</span> <span class='ocrx_word' id='word_1_79' title='bbox 2802 1188 3067 1249; x_wconf 87' lang='lat' dir='ltr'>eamque</span> <span class='ocrx_word' id='word_1_80' title='bbox 3115 1167 3195 1230; x_wconf 89' lang='lat' dir='ltr'>ad</span> 
     </span>
     <span class='ocr_line' id='line_1_10' title="bbox 578 1262 3196 1350; baseline -0 -20"><span class='ocrx_word' id='word_1_81' title='bbox 578 1265 894 1350; x_wconf 91' lang='lat' dir='ltr'>templum</span> <span class='ocrx_word' id='word_1_82' title='bbox 943 1287 1130 1329; x_wconf 89' lang='lat' dir='ltr'>suum</span> <span class='ocrx_word' id='word_1_83' title='bbox 1178 1268 1424 1348; x_wconf 83' lang='lat' dir='ltr'>vocant,</span> <span class='ocrx_word' id='word_1_84' title='bbox 1471 1268 1544 1328; x_wconf 92' lang='lat' dir='ltr'><strong><em>ut</em></strong></span> <span class='ocrx_word' id='word_1_85' title='bbox 1592 1268 1874 1328; x_wconf 86' lang='lat' dir='ltr'>curetur:</span> <span class='ocrx_word' id='word_1_86' title='bbox 1921 1267 2275 1348; x_wconf 84' lang='grc' dir='ltr'><strong><em>φαίνονται</em></strong></span> <span class='ocrx_word' id='word_1_87' title='bbox 2320 1262 2479 1329; x_wconf 84' lang='grc' dir='ltr'><strong><em>καθ’</em></strong></span> <span class='ocrx_word' id='word_1_88' title='bbox 2530 1264 2748 1329; x_wconf 82' lang='grc' dir='ltr'><strong><em>ὕπνον</em></strong></span> <span class='ocrx_word' id='word_1_89' title='bbox 2793 1264 2957 1350; x_wconf 75' lang='grc' dir='ltr'><strong><em>αὐτῇ</em></strong></span> <span class='ocrx_word' id='word_1_90' title='bbox 3003 1286 3196 1350; x_wconf 91' lang='grc' dir='ltr'><strong><em>παρι-</em></strong></span> 
     </span>
     <span class='ocr_line' id='line_1_11' title="bbox 583 1357 3197 1448; baseline -0 -19"><span class='ocrx_word' id='word_1_91' title='bbox 583 1365 892 1448; x_wconf 89' lang='grc' dir='ltr'><strong><em>στάμενοι</em></strong></span> <span class='ocrx_word' id='word_1_92' title='bbox 949 1361 1058 1428; x_wconf 86' lang='grc' dir='ltr'><strong><em>καὶ</em></strong></span> <span class='ocrx_word' id='word_1_93' title='bbox 1108 1415 1120 1427; x_wconf 95' lang='grc'><strong><em>.</em></strong></span> <span class='ocrx_word' id='word_1_94' title='bbox 1171 1415 1182 1425; x_wconf 95' lang='grc'><strong><em>.</em></strong></span> <span class='ocrx_word' id='word_1_95' title='bbox 1231 1413 1245 1426; x_wconf 94' lang='grc'><strong><em>.</em></strong></span> <span class='ocrx_word' id='word_1_96' title='bbox 1302 1361 1628 1445; x_wconf 86' lang='grc' dir='ltr'><strong><em>λέγοντες·</em></strong></span> <span class='ocrx_word' id='word_1_97' title='bbox 1689 1357 1847 1427; x_wconf 73' lang='grc' dir='ltr'><strong><em>ε’λθὲ</em></strong></span> <span class='ocrx_word' id='word_1_98' title='bbox 1902 1363 2068 1446; x_wconf 90' lang='grc' dir='ltr'><strong><em>πρὸς</em></strong></span> <span class='ocrx_word' id='word_1_99' title='bbox 2122 1361 2292 1446; x_wconf 78' lang='grc' dir='ltr'><strong><em>ἡμᾶς</em></strong></span> <span class='ocrx_word' id='word_1_100' title='bbox 2340 1360 2464 1448; x_wconf 86' lang='grc' dir='ltr'><strong><em>(εἰς</em></strong></span> <span class='ocrx_word' id='word_1_101' title='bbox 2521 1358 2708 1428; x_wconf 83' lang='grc' dir='ltr'><strong><em>οἷκον</em></strong></span> <span class='ocrx_word' id='word_1_102' title='bbox 2762 1365 2889 1447; x_wconf 82' lang='grc' dir='ltr'><strong><em>γὰρ</em></strong></span> <span class='ocrx_word' id='word_1_103' title='bbox 2944 1362 3197 1447; x_wconf 82' lang='grc' dir='ltr'><strong><em>ὑπῆρχε</em></strong></span> 
     </span>
     <span class='ocr_line' id='line_1_12' title="bbox 580 1459 3197 1548; baseline -0.001 -21"><span class='ocrx_word' id='word_1_104' title='bbox 580 1463 699 1527; x_wconf 92' lang='grc' dir='ltr'><strong><em>τὸν</em></strong></span> <span class='ocrx_word' id='word_1_105' title='bbox 748 1459 950 1548; x_wconf 79' lang='grc' dir='ltr'><strong><em>ἴδιον)</em></strong></span> <span class='ocrx_word' id='word_1_106' title='bbox 998 1459 1107 1525; x_wconf 87' lang='grc' dir='ltr'><strong><em>καὶ</em></strong></span> <span class='ocrx_word' id='word_1_107' title='bbox 1155 1461 1277 1544; x_wconf 84' lang='grc' dir='ltr'><strong><em>τὴν</em></strong></span> <span class='ocrx_word' id='word_1_108' title='bbox 1333 1460 1542 1546; x_wconf 79' lang='grc' dir='ltr'><strong><em>ῥῶσιν</em></strong></span> <span class='ocrx_word' id='word_1_109' title='bbox 1586 1460 1772 1545; x_wconf 80' lang='grc' dir='ltr'><em>ἡμεῖς</em></span> <span class='ocrx_word' id='word_1_110' title='bbox 1830 1477 1935 1524; x_wconf 89' lang='grc' dir='ltr'><strong><em>σοι</em></strong></span> <span class='ocrx_word' id='word_1_111' title='bbox 1983 1461 2385 1545; x_wconf 80' lang='grc' dir='ltr'><strong><em>δωρούμεθα</em></strong></span> <span class='ocrx_word' id='word_1_112' title='bbox 2422 1461 2526 1543; x_wconf 83' lang='grc'>29,</span> <span class='ocrx_word' id='word_1_113' title='bbox 2556 1459 2729 1524; x_wconf 87' lang='grc'>3512</span> <span class='ocrx_word' id='word_1_114' title='bbox 2750 1460 2828 1525; x_wconf 92' lang='lat' dir='ltr'><strong><em>D.</em></strong></span> <span class='ocrx_word' id='word_1_115' title='bbox 2922 1459 3197 1525; x_wconf 84' lang='lat' dir='ltr'>Sanatur</span> 
     </span>
     <span class='ocr_line' id='line_1_13' title="bbox 587 1556 3197 1644; baseline -0 -20"><span class='ocrx_word' id='word_1_116' title='bbox 587 1560 819 1624; x_wconf 90' lang='lat' dir='ltr'>mulier</span> <span class='ocrx_word' id='word_1_117' title='bbox 873 1562 936 1623; x_wconf 91' lang='lat' dir='ltr'><strong><em>et</em></strong></span> <span class='ocrx_word' id='word_1_118' title='bbox 984 1560 1389 1624; x_wconf 81' lang='lat' dir='ltr'>convertitur.</span> <span class='ocrx_word' id='word_1_119' title='bbox 1442 1597 1529 1605; x_wconf 87' lang='lat'>—</span> <span class='ocrx_word' id='word_1_120' title='bbox 1587 1556 1929 1623; x_wconf 83' lang='lat' dir='ltr'>Cosmiana</span> <span class='ocrx_word' id='word_1_121' title='bbox 1983 1562 2337 1641; x_wconf 89' lang='lat' dir='ltr'>martyrum</span> <span class='ocrx_word' id='word_1_122' title='bbox 2397 1580 2647 1623; x_wconf 87' lang='lat' dir='ltr'>sacrum</span> <span class='ocrx_word' id='word_1_123' title='bbox 2703 1559 3082 1644; x_wconf 80' lang='lat' dir='ltr'><strong>adgressura</strong></span> <span class='ocrx_word' id='word_1_124' title='bbox 3128 1560 3197 1623; x_wconf 93' lang='lat' dir='ltr'>in</span> 
     </span>
     <span class='ocr_line' id='line_1_14' title="bbox 580 1655 3198 1742; baseline 0 -21"><span class='ocrx_word' id='word_1_125' title='bbox 580 1660 806 1723; x_wconf 90' lang='lat' dir='ltr'>itinere</span> <span class='ocrx_word' id='word_1_126' title='bbox 854 1681 891 1722; x_wconf 89' lang='lat' dir='ltr'>a</span> <span class='ocrx_word' id='word_1_127' title='bbox 938 1656 1194 1722; x_wconf 88' lang='lat' dir='ltr'>diabolo</span> <span class='ocrx_word' id='word_1_128' title='bbox 1241 1680 1357 1742; x_wconf 92' lang='lat' dir='ltr'><strong><em>per</em></strong></span> <span class='ocrx_word' id='word_1_129' title='bbox 1412 1656 1632 1721; x_wconf 87' lang='lat' dir='ltr'>dolum</span> <span class='ocrx_word' id='word_1_130' title='bbox 1690 1679 1722 1720; x_wconf 93' lang='lat' dir='ltr'>e</span> <span class='ocrx_word' id='word_1_131' title='bbox 1779 1677 1969 1720; x_wconf 91' lang='lat' dir='ltr'>curru</span> <span class='ocrx_word' id='word_1_132' title='bbox 2026 1656 2269 1720; x_wconf 91' lang='lat' dir='ltr'>eicitur.</span> <span class='ocrx_word' id='word_1_133' title='bbox 2372 1655 2597 1721; x_wconf 86' lang='lat' dir='ltr'>Nihilo</span> <span class='ocrx_word' id='word_1_134' title='bbox 2646 1657 2858 1721; x_wconf 88' lang='lat' dir='ltr'>minus</span> <span class='ocrx_word' id='word_1_135' title='bbox 2905 1658 3198 1742; x_wconf 84' lang='lat' dir='ltr'>pervenit</span> 
     </span>
     <span class='ocr_line' id='line_1_15' title="bbox 579 1753 3196 1842; baseline 0 -22"><span class='ocrx_word' id='word_1_136' title='bbox 579 1757 659 1820; x_wconf 88' lang='lat' dir='ltr'>ad</span> <span class='ocrx_word' id='word_1_137' title='bbox 717 1758 971 1820; x_wconf 89' lang='lat' dir='ltr'>sanctos</span> <span class='ocrx_word' id='word_1_138' title='bbox 1027 1759 1218 1839; x_wconf 87' lang='lat' dir='ltr'>atque</span> <span class='ocrx_word' id='word_1_139' title='bbox 1274 1755 1639 1838; x_wconf 77' lang='lat' dir='ltr'><strong><em>precatione</em></strong></span> <span class='ocrx_word' id='word_1_140' title='bbox 1694 1757 1952 1838; x_wconf 82' lang='lat' dir='ltr'>peracta</span> <span class='ocrx_word' id='word_1_141' title='bbox 2007 1754 2098 1817; x_wconf 91' lang='lat' dir='ltr'>sic</span> <span class='ocrx_word' id='word_1_142' title='bbox 2153 1776 2261 1819; x_wconf 91' lang='lat' dir='ltr'><strong><em>eos</em></strong></span> <span class='ocrx_word' id='word_1_143' title='bbox 2327 1755 2721 1837; x_wconf 83' lang='lat' dir='ltr'>adloquitur:</span> <span class='ocrx_word' id='word_1_144' title='bbox 2777 1755 3025 1838; x_wconf 87' lang='grc' dir='ltr'><strong><em>ταύτην</em></strong></span> <span class='ocrx_word' id='word_1_145' title='bbox 3084 1753 3196 1842; x_wconf 88' lang='lat' dir='ltr'>(sc.</span> 
     </span>
     <span class='ocr_line' id='line_1_16' title="bbox 578 1850 3198 1939; baseline 0 -21"><span class='ocrx_word' id='word_1_146' title='bbox 578 1855 700 1936; x_wconf 85' lang='grc' dir='ltr'><strong><em>τὴν</em></strong></span> <span class='ocrx_word' id='word_1_147' title='bbox 731 1850 958 1939; x_wconf 87' lang='grc' dir='ltr'><strong><em>εὐχήν)</em></strong></span> <span class='ocrx_word' id='word_1_148' title='bbox 990 1854 1078 1929; x_wconf 79' lang='grc' dir='ltr'><strong><em>ὡς</em></strong></span> <span class='ocrx_word' id='word_1_149' title='bbox 1111 1853 1497 1937; x_wconf 83' lang='grc' dir='ltr'><strong><em>ἠβουλόμην</em></strong></span> <span class='ocrx_word' id='word_1_150' title='bbox 1533 1851 1850 1917; x_wconf 89' lang='grc' dir='ltr'><strong><em>τελέσασα</em></strong></span> <span class='ocrx_word' id='word_1_151' title='bbox 1886 1853 2089 1916; x_wconf 91' lang='grc' dir='ltr'><strong><em>πάλιν</em></strong></span> <span class='ocrx_word' id='word_1_152' title='bbox 2127 1854 2351 1916; x_wconf 81' lang='grc' dir='ltr'><strong><em>οἶκαδε</em></strong></span> <span class='ocrx_word' id='word_1_153' title='bbox 2387 1854 2755 1938; x_wconf 83' lang='grc' dir='ltr'><strong><em>πορεύομαι</em></strong></span> <span class='ocrx_word' id='word_1_154' title='bbox 2795 1854 2917 1918; x_wconf 87' lang='grc' dir='ltr'><strong><em>οὐκ</em></strong></span> <span class='ocrx_word' id='word_1_155' title='bbox 2955 1855 3198 1930; x_wconf 76' lang='grc' dir='ltr'><strong><em>ἄλλους</em></strong></span> 
     </span>
     <span class='ocr_line' id='line_1_17' title="bbox 584 1947 3199 2037; baseline 0 -21"><span class='ocrx_word' id='word_1_156' title='bbox 584 1952 852 2036; x_wconf 85' lang='grc' dir='ltr'><strong><em>ἰατροὺς</em></strong></span> <span class='ocrx_word' id='word_1_157' title='bbox 896 1947 1038 2015; x_wconf 76' lang='grc' dir='ltr'><strong><em>τοῦ</em></strong></span> <span class='ocrx_word' id='word_1_158' title='bbox 1067 1949 1226 2034; x_wconf 83' lang='grc' dir='ltr'><strong><em>ἐμοῦ</em></strong></span> <span class='ocrx_word' id='word_1_159' title='bbox 1262 1948 1668 2034; x_wconf 87' lang='grc' dir='ltr'><strong><em>ποιησομένη</em></strong></span> <span class='ocrx_word' id='word_1_160' title='bbox 1707 1953 2095 2034; x_wconf 81' lang='grc' dir='ltr'><strong><em>νοσήματος,</em></strong></span> <span class='ocrx_word' id='word_1_161' title='bbox 2133 1947 2270 2013; x_wconf 79' lang='grc' dir='ltr'><strong><em>ἀλλ’</em></strong></span> <span class='ocrx_word' id='word_1_162' title='bbox 2320 1949 2492 2033; x_wconf 82' lang='grc' dir='ltr'><strong><em>ὑμᾶς</em></strong></span> <span class='ocrx_word' id='word_1_163' title='bbox 2530 1950 2757 2015; x_wconf 78' lang='grc' dir='ltr'><strong><em>ἐλθεῖν</em></strong></span> <span class='ocrx_word' id='word_1_164' title='bbox 2795 1950 3002 2017; x_wconf 80' lang='grc' dir='ltr'><strong><em>ἐκεῖσε</em></strong></span> <span class='ocrx_word' id='word_1_165' title='bbox 3037 1973 3199 2037; x_wconf 88' lang='grc' dir='ltr'><strong><em>προ-</em></strong></span> 
     </span>
     <span class='ocr_line' id='line_1_18' title="bbox 578 2046 3199 2135; baseline 0 -22"><span class='ocrx_word' id='word_1_166' title='bbox 578 2047 909 2135; x_wconf 86' lang='grc' dir='ltr'><strong><em>τρέπουσα</em></strong></span> <span class='ocrx_word' id='word_1_167' title='bbox 964 2046 1073 2112; x_wconf 85' lang='grc' dir='ltr'><strong><em>καὶ</em></strong></span> <span class='ocrx_word' id='word_1_168' title='bbox 1133 2049 1256 2132; x_wconf 86' lang='grc' dir='ltr'><strong><em>τὴν</em></strong></span> <span class='ocrx_word' id='word_1_169' title='bbox 1312 2048 1504 2131; x_wconf 85' lang='grc' dir='ltr'><strong><em>ὑμῶν</em></strong></span> <span class='ocrx_word' id='word_1_170' title='bbox 1562 2048 1832 2132; x_wconf 81' lang='grc' dir='ltr'><strong><em>ἀρωγὴν</em></strong></span> <span class='ocrx_word' id='word_1_171' title='bbox 1888 2046 2328 2131; x_wconf 84' lang='grc' dir='ltr'><strong><em>ἀναμένουσα,</em></strong></span> <span class='ocrx_word' id='word_1_172' title='bbox 2384 2046 2472 2112; x_wconf 80' lang='grc' dir='ltr'><strong><em>ἵν’</em></strong></span> <span class='ocrx_word' id='word_1_173' title='bbox 2539 2050 2755 2133; x_wconf 81' lang='grc' dir='ltr'><strong><em>ὥσπερ</em></strong></span> <span class='ocrx_word' id='word_1_174' title='bbox 2817 2048 3199 2135; x_wconf 80' lang='grc' dir='ltr'><strong><em>ἐρρωμένην</em></strong></span> 
     </span>
     <span class='ocr_line' id='line_1_19' title="bbox 579 2144 3198 2231; baseline 0 -20"><span class='ocrx_word' id='word_1_175' title='bbox 579 2171 658 2231; x_wconf 89' lang='grc' dir='ltr'><strong><em>με</em></strong></span> <span class='ocrx_word' id='word_1_176' title='bbox 719 2155 834 2230; x_wconf 79' lang='grc' dir='ltr'><strong><em>τῆς</em></strong></span> <span class='ocrx_word' id='word_1_177' title='bbox 891 2144 1107 2222; x_wconf 79' lang='grc' dir='ltr'><strong><em>ἑστίας</em></strong></span> <span class='ocrx_word' id='word_1_178' title='bbox 1164 2148 1503 2230; x_wconf 80' lang='grc' dir='ltr'><strong><em>εἰλήφατε,</em></strong></span> <span class='ocrx_word' id='word_1_179' title='bbox 1560 2145 1772 2222; x_wconf 92' lang='grc' dir='ltr'><strong><em>οὕτως</em></strong></span> <span class='ocrx_word' id='word_1_180' title='bbox 1838 2144 2044 2211; x_wconf 80' lang='grc' dir='ltr'><strong><em>ἐκεῖσε</em></strong></span> <span class='ocrx_word' id='word_1_181' title='bbox 2097 2144 2503 2230; x_wconf 74' lang='grc' dir='ltr'><strong><em>γιγνομένην</em></strong></span> <span class='ocrx_word' id='word_1_182' title='bbox 2561 2148 2857 2229; x_wconf 89' lang='grc' dir='ltr'><strong><em>ἰάσησθε.</em></strong></span> <span class='ocrx_word' id='word_1_183' title='bbox 2951 2146 3198 2224; x_wconf 84' lang='lat' dir='ltr'>Quibus</span> 
     </span>
     <span class='ocr_line' id='line_1_20' title="bbox 580 2242 3190 2328; baseline 0.002 -21"><span class='ocrx_word' id='word_1_184' title='bbox 580 2245 768 2308; x_wconf 89' lang='lat' dir='ltr'>dictis</span> <span class='ocrx_word' id='word_1_185' title='bbox 817 2243 952 2308; x_wconf 88' lang='lat' dir='ltr'>abit</span> <span class='ocrx_word' id='word_1_186' title='bbox 999 2242 1405 2319; x_wconf 81' lang='grc' dir='ltr'><strong><em>ἄδιστάκτως</em></strong></span> <span class='ocrx_word' id='word_1_187' title='bbox 1450 2243 1878 2327; x_wconf 86' lang='grc' dir='ltr'><strong><em>πιστεύουσα,</em></strong></span> <span class='ocrx_word' id='word_1_188' title='bbox 1927 2243 2016 2319; x_wconf 79' lang='grc' dir='ltr'><strong><em>ὡς</em></strong></span> <span class='ocrx_word' id='word_1_189' title='bbox 2051 2244 2316 2320; x_wconf 88' lang='grc' dir='ltr'><strong><em>πάντως</em></strong></span> <span class='ocrx_word' id='word_1_190' title='bbox 2355 2243 2667 2321; x_wconf 81' lang='grc' dir='ltr'><strong><em>ἐλθόντες</em></strong></span> <span class='ocrx_word' id='word_1_191' title='bbox 2715 2247 2780 2310; x_wconf 83' lang='grc' dir='ltr'><strong><em>οἰ</em></strong></span> <span class='ocrx_word' id='word_1_192' title='bbox 2827 2246 3007 2328; x_wconf 77' lang='grc' dir='ltr'><strong><em>ἅγιοι</em></strong></span> <span class='ocrx_word' id='word_1_193' title='bbox 3051 2244 3190 2311; x_wconf 87' lang='grc' dir='ltr'><strong><em>κατ’</em></strong></span> 
     </span>
     <span class='ocr_line' id='line_1_21' title="bbox 579 2337 3199 2430; baseline 0.001 -23"><span class='ocrx_word' id='word_1_194' title='bbox 579 2337 767 2408; x_wconf 80' lang='grc' dir='ltr'><strong><em>οἷκον</em></strong></span> <span class='ocrx_word' id='word_1_195' title='bbox 814 2341 1022 2425; x_wconf 80' lang='grc' dir='ltr'><strong><em>αὐτὴν</em></strong></span> <span class='ocrx_word' id='word_1_196' title='bbox 1066 2342 1595 2427; x_wconf 89' lang='grc' dir='ltr'><strong><em>θεραπεύσωσιν.</em></strong></span> <span class='ocrx_word' id='word_1_197' title='bbox 1644 2340 1679 2406; x_wconf 91' lang='grc' dir='ltr'><strong><em>ὃ</em></strong></span> <span class='ocrx_word' id='word_1_198' title='bbox 1725 2339 1837 2405; x_wconf 86' lang='grc' dir='ltr'><strong><em>καὶ</em></strong></span> <span class='ocrx_word' id='word_1_199' title='bbox 1884 2340 2230 2425; x_wconf 85' lang='grc' dir='ltr'><strong><em>γεγένηται</em></strong></span> <span class='ocrx_word' id='word_1_200' title='bbox 2277 2392 2290 2406; x_wconf 94' lang='grc'><strong><em>.</em></strong></span> <span class='ocrx_word' id='word_1_201' title='bbox 2340 2394 2353 2407; x_wconf 97' lang='grc'><strong><em>.</em></strong></span> <span class='ocrx_word' id='word_1_202' title='bbox 2401 2392 2415 2406; x_wconf 93' lang='grc'><strong><em>.</em></strong></span> <span class='ocrx_word' id='word_1_203' title='bbox 2461 2341 2598 2407; x_wconf 89' lang='grc' dir='ltr'><strong><em>κατ’</em></strong></span> <span class='ocrx_word' id='word_1_204' title='bbox 2656 2343 2867 2427; x_wconf 82' lang='grc' dir='ltr'><strong><em>αὐτὴν</em></strong></span> <span class='ocrx_word' id='word_1_205' title='bbox 2905 2345 3052 2430; x_wconf 78' lang='grc' dir='ltr'><strong><em>γὰρ·</em></strong></span> <span class='ocrx_word' id='word_1_206' title='bbox 3077 2344 3199 2427; x_wconf 84' lang='grc' dir='ltr'><strong><em>τὴν</em></strong></span> 
     </span>
     <span class='ocr_line' id='line_1_22' title="bbox 579 2438 3198 2525; baseline 0.002 -23"><span class='ocrx_word' id='word_1_207' title='bbox 579 2440 786 2503; x_wconf 90' lang='grc' dir='ltr'><strong><em>νύκτα</em></strong></span> <span class='ocrx_word' id='word_1_208' title='bbox 833 2441 1159 2523; x_wconf 83' lang='grc' dir='ltr'><strong><em>σχήμασιν</em></strong></span> <span class='ocrx_word' id='word_1_209' title='bbox 1209 2440 1454 2524; x_wconf 81' lang='grc' dir='ltr'><strong><em>ἰατρῶν</em></strong></span> <span class='ocrx_word' id='word_1_210' title='bbox 1499 2438 1924 2523; x_wconf 81' lang='grc' dir='ltr'><strong><em>ἀφικόμενοι,</em></strong></span> <span class='ocrx_word' id='word_1_211' title='bbox 1985 2442 2056 2504; x_wconf 88' lang='grc' dir='ltr'><strong><em>τί</em></strong></span> <span class='ocrx_word' id='word_1_212' title='bbox 2104 2438 2189 2504; x_wconf 74' lang='grc' dir='ltr'><strong><em>ἂν</em></strong></span> <span class='ocrx_word' id='word_1_213' title='bbox 2244 2443 2413 2524; x_wconf 84' lang='grc' dir='ltr'><strong><em>ἔχοι,</em></strong></span> <span class='ocrx_word' id='word_1_214' title='bbox 2469 2441 2592 2524; x_wconf 85' lang='grc' dir='ltr'><strong><em>τὴν</em></strong></span> <span class='ocrx_word' id='word_1_215' title='bbox 2645 2442 3043 2525; x_wconf 82' lang='grc' dir='ltr'><strong><em>Κοσμιανὴν</em></strong></span> <span class='ocrx_word' id='word_1_216' title='bbox 3086 2466 3198 2507; x_wconf 88' lang='grc' dir='ltr'><strong><em>κα-</em></strong></span> 
     </span>
     <span class='ocr_line' id='line_1_23' title="bbox 574 2535 1976 2622; baseline -0.001 -20"><span class='ocrx_word' id='word_1_217' title='bbox 574 2537 963 2602; x_wconf 87' lang='grc' dir='ltr'><strong><em>θεύδουσαν</em></strong></span> <span class='ocrx_word' id='word_1_218' title='bbox 1007 2538 1250 2622; x_wconf 74' lang='grc' dir='ltr'><strong><em>ἤροντο</em></strong></span> <span class='ocrx_word' id='word_1_219' title='bbox 1297 2542 1431 2601; x_wconf 88' lang='grc' dir='ltr'><strong><em>κτλ.</em></strong></span> <span class='ocrx_word' id='word_1_220' title='bbox 1480 2536 1584 2619; x_wconf 88' lang='grc'><strong><em>33,</em></strong></span> <span class='ocrx_word' id='word_1_221' title='bbox 1614 2535 1789 2600; x_wconf 89' lang='grc'>3533</span> <span class='ocrx_word' id='word_1_222' title='bbox 1813 2535 1878 2601; x_wconf 83' lang='lat' dir='ltr'><strong><em>C.</em></strong></span> <span class='ocrx_word' id='word_1_223' title='bbox 1897 2536 1976 2601; x_wconf 91' lang='lat' dir='ltr'><strong><em>D.</em></strong></span> 
     </span>
    </p>

    <p class='ocr_par' dir='ltr' id='par_1_4' title="bbox 495 2632 3201 3209">
     <span class='ocr_line' id='line_1_24' title="bbox 754 2632 3201 2724; baseline 0.001 -25"><span class='ocrx_word' id='word_1_224' title='bbox 754 2634 973 2699; x_wconf 87' lang='lat' dir='ltr'>Etiam</span> <span class='ocrx_word' id='word_1_225' title='bbox 1018 2634 1125 2698; x_wconf 88' lang='lat' dir='ltr'>hic</span> <span class='ocrx_word' id='word_1_226' title='bbox 1171 2639 1571 2699; x_wconf 75' lang='lat' dir='ltr'>asseveratur</span> <span class='ocrx_word' id='word_1_227' title='bbox 1615 2635 1777 2699; x_wconf 87' lang='lat' dir='ltr'>illud</span> <span class='ocrx_word' id='word_1_228' title='bbox 1823 2635 1999 2721; x_wconf 91' lang='grc' dir='ltr'><strong><em>ὕπαρ</em></strong></span> <span class='ocrx_word' id='word_1_229' title='bbox 2049 2635 2171 2701; x_wconf 84' lang='grc' dir='ltr'><strong><em>οὐκ</em></strong></span> <span class='ocrx_word' id='word_1_230' title='bbox 2217 2638 2383 2721; x_wconf 95' lang='grc' dir='ltr'><strong><em>ὄναρ</em></strong></span> <span class='ocrx_word' id='word_1_231' title='bbox 2441 2632 2548 2723; x_wconf 85' lang='lat' dir='ltr'>(cf.</span> <span class='ocrx_word' id='word_1_232' title='bbox 2587 2660 2647 2721; x_wconf 92' lang='lat' dir='ltr'><strong><em>p.</em></strong></span> <span class='ocrx_word' id='word_1_233' title='bbox 2686 2635 2787 2724; x_wconf 89' lang='grc'><strong><em>5),</em></strong></span> <span class='ocrx_word' id='word_1_234' title='bbox 2835 2639 3006 2720; x_wconf 88' lang='lat' dir='ltr'>quod</span> <span class='ocrx_word' id='word_1_235' title='bbox 3063 2640 3201 2721; x_wconf 92' lang='lat' dir='ltr'>qui-</span> 
     </span>
     <span class='ocr_line' id='line_1_25' title="bbox 578 2733 3200 2821; baseline 0.002 -24"><span class='ocrx_word' id='word_1_236' title='bbox 578 2735 723 2797; x_wconf 87' lang='lat' dir='ltr'><strong><em>dem</em></strong></span> <span class='ocrx_word' id='word_1_237' title='bbox 770 2734 850 2798; x_wconf 88' lang='lat' dir='ltr'>ad</span> <span class='ocrx_word' id='word_1_238' title='bbox 905 2736 1262 2816; x_wconf 85' lang='lat' dir='ltr'>martyrum</span> <span class='ocrx_word' id='word_1_239' title='bbox 1317 2734 1633 2798; x_wconf 85' lang='lat' dir='ltr'>visionem</span> <span class='ocrx_word' id='word_1_240' title='bbox 1689 2734 1944 2798; x_wconf 89' lang='lat' dir='ltr'>attinet:</span> <span class='ocrx_word' id='word_1_241' title='bbox 2000 2733 2234 2798; x_wconf 87' lang='lat' dir='ltr'>Isidori</span> <span class='ocrx_word' id='word_1_242' title='bbox 2293 2735 2416 2818; x_wconf 85' lang='grc' dir='ltr'><strong><em>τὴν</em></strong></span> <span class='ocrx_word' id='word_1_243' title='bbox 2470 2738 2697 2800; x_wconf 89' lang='grc' dir='ltr'><strong><em>πίστιν</em></strong></span> <span class='ocrx_word' id='word_1_244' title='bbox 2753 2737 2823 2801; x_wconf 80' lang='grc' dir='ltr'><strong><em>οἱ</em></strong></span> <span class='ocrx_word' id='word_1_245' title='bbox 2873 2736 3200 2821; x_wconf 89' lang='grc' dir='ltr'><strong><em>μάρτυρες</em></strong></span> 
     </span>
     <span class='ocr_line' id='line_1_26' title="bbox 578 2830 3200 2919; baseline 0.001 -23"><span class='ocrx_word' id='word_1_246' title='bbox 578 2831 981 2916; x_wconf 83' lang='grc' dir='ltr'><strong><em>ἀγασάμενοι</em></strong></span> <span class='ocrx_word' id='word_1_247' title='bbox 1052 2831 1191 2896; x_wconf 84' lang='grc' dir='ltr'><strong><em>οὐκ</em></strong></span> <span class='ocrx_word' id='word_1_248' title='bbox 1252 2833 1443 2917; x_wconf 82' lang='grc' dir='ltr'><strong><em>ὄναρ</em></strong></span> <span class='ocrx_word' id='word_1_249' title='bbox 1505 2831 1661 2896; x_wconf 81' lang='grc' dir='ltr'><strong><em>ἀλλ’</em></strong></span> <span class='ocrx_word' id='word_1_250' title='bbox 1732 2831 1942 2916; x_wconf 90' lang='grc' dir='ltr'><strong><em>ὕπαρ</em></strong></span> <span class='ocrx_word' id='word_1_251' title='bbox 2000 2831 2179 2919; x_wconf 78' lang='grc' dir='ltr'><strong><em>αὐτῷ</em></strong></span> <span class='ocrx_word' id='word_1_252' title='bbox 2233 2836 2772 2916; x_wconf 86' lang='grc' dir='ltr'><strong><em>παραφαίνονται</em></strong></span> <span class='ocrx_word' id='word_1_253' title='bbox 2829 2885 2841 2897; x_wconf 94' lang='grc'><strong><em>.</em></strong></span> <span class='ocrx_word' id='word_1_254' title='bbox 2900 2885 2912 2898; x_wconf 92' lang='grc'><strong><em>.</em></strong></span> <span class='ocrx_word' id='word_1_255' title='bbox 2972 2886 2984 2898; x_wconf 95' lang='grc'><strong><em>.</em></strong></span> <span class='ocrx_word' id='word_1_256' title='bbox 3032 2834 3068 2899; x_wconf 99' lang='lat'><em>6</em></span> <span class='ocrx_word' id='word_1_257' title='bbox 3125 2830 3200 2898; x_wconf 71' lang='grc' dir='ltr'><strong><em>δὲ</em></strong></span> 
     </span>
     <span class='ocr_line' id='line_1_27' title="bbox 577 2925 3198 3017; baseline 0.001 -24"><span class='ocrx_word' id='word_1_258' title='bbox 577 2940 711 2994; x_wconf 84' lang='grc' dir='ltr'><strong><em>τῶν</em></strong></span> <span class='ocrx_word' id='word_1_259' title='bbox 759 2929 831 2993; x_wconf 86' lang='grc' dir='ltr'><strong><em>ἐν</em></strong></span> <span class='ocrx_word' id='word_1_260' title='bbox 885 2938 976 3015; x_wconf 78' lang='grc' dir='ltr'><strong><em>τῷ</em></strong></span> <span class='ocrx_word' id='word_1_261' title='bbox 1022 2931 1149 3016; x_wconf 77' lang='grc' dir='ltr'><strong><em>νεῷ</em></strong></span> <span class='ocrx_word' id='word_1_262' title='bbox 1198 2932 1549 3015; x_wconf 82' lang='grc' dir='ltr'><strong><em>παρόντων</em></strong></span> <span class='ocrx_word' id='word_1_263' title='bbox 1595 2931 1781 3005; x_wconf 81' lang='grc' dir='ltr'><strong><em>τινὰς</em></strong></span> <span class='ocrx_word' id='word_1_264' title='bbox 1827 2930 2186 3012; x_wconf 84' lang='grc' dir='ltr'><strong><em>ὑπολαβῶν</em></strong></span> <span class='ocrx_word' id='word_1_265' title='bbox 2233 2925 2406 2994; x_wconf 81' lang='grc' dir='ltr'><strong><em>εἶναι</em></strong></span> <span class='ocrx_word' id='word_1_266' title='bbox 2464 2934 2622 3006; x_wconf 87' lang='grc' dir='ltr'><strong><em>τοὺς</em></strong></span> <span class='ocrx_word' id='word_1_267' title='bbox 2678 2932 3019 3017; x_wconf 89' lang='grc' dir='ltr'><strong><em>μάρτυρας</em></strong></span> <span class='ocrx_word' id='word_1_268' title='bbox 3062 2936 3198 2995; x_wconf 89' lang='grc' dir='ltr'><strong><em>κτλ.</em></strong></span> 
     </span>
     <span class='ocr_line' id='line_1_28' title="bbox 495 3025 3198 3115; baseline 0.002 -27"><span class='ocrx_word' id='word_1_269' title='bbox 495 3036 500 3043; x_wconf 83' lang='lat'><em>&#39;</em></span> <span class='ocrx_word' id='word_1_270' title='bbox 578 3027 638 3108; x_wconf 91' lang='grc'><strong><em>4,</em></strong></span> <span class='ocrx_word' id='word_1_271' title='bbox 674 3026 933 3090; x_wconf 79' lang='grc' dir='ltr'><strong>3432Β.</strong></span> <span class='ocrx_word' id='word_1_272' title='bbox 1009 3031 1236 3111; x_wconf 84' lang='grc' dir='ltr'><strong><em>Κῦρος</em></strong></span> <span class='ocrx_word' id='word_1_273' title='bbox 1276 3078 1287 3090; x_wconf 93' lang='grc'><strong><em>.</em></strong></span> <span class='ocrx_word' id='word_1_274' title='bbox 1319 3077 1376 3090; x_wconf 92' lang='grc'><strong><em>..</em></strong></span> <span class='ocrx_word' id='word_1_275' title='bbox 1416 3036 1505 3113; x_wconf 79' lang='grc' dir='ltr'><strong><em>τῷ</em></strong></span> <span class='ocrx_word' id='word_1_276' title='bbox 1544 3036 1859 3092; x_wconf 86' lang='grc' dir='ltr'><strong><em>νοσοῦντι</em></strong></span> <span class='ocrx_word' id='word_1_277' title='bbox 1896 3030 2288 3112; x_wconf 90' lang='grc' dir='ltr'><strong><em>παρίσταται</em></strong></span> <span class='ocrx_word' id='word_1_278' title='bbox 2329 3025 2426 3112; x_wconf 90' lang='lat' dir='ltr'>(in</span> <span class='ocrx_word' id='word_1_279' title='bbox 2470 3026 2751 3115; x_wconf 90' lang='lat' dir='ltr'>balneo),</span> <span class='ocrx_word' id='word_1_280' title='bbox 2789 3030 2930 3094; x_wconf 84' lang='grc' dir='ltr'><strong><em>οὐκ</em></strong></span> <span class='ocrx_word' id='word_1_281' title='bbox 2976 3032 3198 3114; x_wconf 90' lang='grc' dir='ltr'><strong><em>ὄναρ,</em></strong></span> 
     </span>
     <span class='ocr_line' id='line_1_29' title="bbox 581 3122 2546 3209; baseline 0.001 -22"><span class='ocrx_word' id='word_1_282' title='bbox 581 3124 670 3200; x_wconf 82' lang='grc' dir='ltr'><strong><em>ὡς</em></strong></span> <span class='ocrx_word' id='word_1_283' title='bbox 715 3134 855 3199; x_wconf 89' lang='grc' dir='ltr'><strong><em>τοῖς</em></strong></span> <span class='ocrx_word' id='word_1_284' title='bbox 898 3127 1158 3189; x_wconf 89' lang='grc' dir='ltr'><strong><em>πλείοσι</em></strong></span> <span class='ocrx_word' id='word_1_285' title='bbox 1206 3128 1533 3208; x_wconf 85' lang='grc' dir='ltr'><strong><em>φαίνεται,</em></strong></span> <span class='ocrx_word' id='word_1_286' title='bbox 1580 3123 1739 3189; x_wconf 83' lang='grc' dir='ltr'><strong><em>ἀλλ’</em></strong></span> <span class='ocrx_word' id='word_1_287' title='bbox 1795 3124 1999 3209; x_wconf 90' lang='grc' dir='ltr'><strong><em>ὕπαρ</em></strong></span> <span class='ocrx_word' id='word_1_288' title='bbox 2048 3123 2152 3207; x_wconf 78' lang='grc'><strong><em>52,</em></strong></span> <span class='ocrx_word' id='word_1_289' title='bbox 2183 3124 2354 3187; x_wconf 85' lang='grc'><strong><em>3617</em></strong></span> <span class='ocrx_word' id='word_1_290' title='bbox 2381 3122 2546 3208; x_wconf 71' lang='lat' dir='ltr'><em>OJD.</em></span> 
     </span>
    </p>

    <p class='ocr_par' dir='ltr' id='par_1_5' title="bbox 577 3219 3200 3702">
     <span class='ocr_line' id='line_1_30' title="bbox 757 3219 3196 3307; baseline 0.001 -21"><span class='ocrx_word' id='word_1_291' title='bbox 757 3219 1093 3286; x_wconf 82' lang='lat' dir='ltr'>Somnium</span> <span class='ocrx_word' id='word_1_292' title='bbox 1140 3243 1285 3285; x_wconf 89' lang='lat' dir='ltr'><strong><em>cum</em></strong></span> <span class='ocrx_word' id='word_1_293' title='bbox 1338 3224 1609 3286; x_wconf 85' lang='lat' dir='ltr'>veritate</span> <span class='ocrx_word' id='word_1_294' title='bbox 1666 3223 2102 3307; x_wconf 85' lang='lat' dir='ltr'>coniungitur:</span> <span class='ocrx_word' id='word_1_295' title='bbox 2158 3223 2353 3287; x_wconf 90' lang='lat' dir='ltr'>ficum</span> <span class='ocrx_word' id='word_1_296' title='bbox 2408 3226 2671 3306; x_wconf 85' lang='lat' dir='ltr'>aegroto</span> <span class='ocrx_word' id='word_1_297' title='bbox 2727 3246 2842 3307; x_wconf 92' lang='lat' dir='ltr'><strong><em>per</em></strong></span> <span class='ocrx_word' id='word_1_298' title='bbox 2898 3246 3196 3289; x_wconf 92' lang='lat' dir='ltr'>somnum</span> 
     </span>
     <span class='ocr_line' id='line_1_31' title="bbox 579 3320 3200 3404; baseline 0.002 -22"><span class='ocrx_word' id='word_1_299' title='bbox 579 3342 616 3382; x_wconf 87' lang='lat' dir='ltr'>a</span> <span class='ocrx_word' id='word_1_300' title='bbox 661 3320 1052 3402; x_wconf 87' lang='lat' dir='ltr'>martyribus</span> <span class='ocrx_word' id='word_1_301' title='bbox 1097 3320 1461 3402; x_wconf 90' lang='lat' dir='ltr'>praebitum</span> <span class='ocrx_word' id='word_1_302' title='bbox 1506 3321 1800 3404; x_wconf 88' lang='lat' dir='ltr'>proximo</span> <span class='ocrx_word' id='word_1_303' title='bbox 1851 3321 1951 3385; x_wconf 90' lang='lat' dir='ltr'>die</span> <span class='ocrx_word' id='word_1_304' title='bbox 1998 3344 2161 3385; x_wconf 86' lang='lat' dir='ltr'>uxor</span> <span class='ocrx_word' id='word_1_305' title='bbox 2208 3321 2344 3384; x_wconf 90' lang='lat' dir='ltr'>eius</span> <span class='ocrx_word' id='word_1_306' title='bbox 2391 3321 2461 3385; x_wconf 91' lang='lat' dir='ltr'>in</span> <span class='ocrx_word' id='word_1_307' title='bbox 2504 3320 2672 3385; x_wconf 88' lang='lat' dir='ltr'>lecto</span> <span class='ocrx_word' id='word_1_308' title='bbox 2721 3323 2993 3387; x_wconf 82' lang='lat' dir='ltr'>invenit:</span> <span class='ocrx_word' id='word_1_309' title='bbox 3041 3323 3077 3388; x_wconf 98' lang='lat'><em>6</em></span> <span class='ocrx_word' id='word_1_310' title='bbox 3125 3320 3200 3388; x_wconf 76' lang='grc' dir='ltr'><strong><em>δὲ</em></strong></span> 
     </span>
     <span class='ocr_line' id='line_1_32' title="bbox 577 3414 3200 3507; baseline 0.002 -26"><span class='ocrx_word' id='word_1_311' title='bbox 577 3417 699 3500; x_wconf 84' lang='grc' dir='ltr'><strong><em>τὴν</em></strong></span> <span class='ocrx_word' id='word_1_312' title='bbox 748 3418 982 3501; x_wconf 81' lang='grc' dir='ltr'><strong><em>ἰσχάδα</em></strong></span> <span class='ocrx_word' id='word_1_313' title='bbox 1028 3417 1380 3503; x_wconf 82' lang='grc' dir='ltr'><strong><em>δεξάμενος</em></strong></span> <span class='ocrx_word' id='word_1_314' title='bbox 1427 3421 1675 3501; x_wconf 91' lang='grc' dir='ltr'><strong><em>ταύτην</em></strong></span> <span class='ocrx_word' id='word_1_315' title='bbox 1722 3414 1894 3484; x_wconf 84' lang='grc' dir='ltr'><strong><em>εἶναι</em></strong></span> <span class='ocrx_word' id='word_1_316' title='bbox 1939 3420 2060 3503; x_wconf 85' lang='grc' dir='ltr'><strong><em>τὴν</em></strong></span> <span class='ocrx_word' id='word_1_317' title='bbox 2114 3416 2270 3484; x_wconf 84' lang='grc' dir='ltr'><strong><em>καθ’</em></strong></span> <span class='ocrx_word' id='word_1_318' title='bbox 2326 3418 2581 3496; x_wconf 89' lang='grc' dir='ltr'><strong><em>ὕπνους</em></strong></span> <span class='ocrx_word' id='word_1_319' title='bbox 2640 3420 2817 3507; x_wconf 77' lang='grc' dir='ltr'><strong><em>αὐτῷ</em></strong></span> <span class='ocrx_word' id='word_1_320' title='bbox 2877 3422 3200 3486; x_wconf 88' lang='grc' dir='ltr'><strong><em>δοθεῖσαν</em></strong></span> 
     </span>
     <span class='ocr_line' id='line_1_33' title="bbox 582 3513 3198 3604; baseline 0.002 -26"><span class='ocrx_word' id='word_1_321' title='bbox 582 3513 993 3598; x_wconf 81' lang='grc' dir='ltr'><strong><em>ἀπήγγελλεν</em></strong></span> <span class='ocrx_word' id='word_1_322' title='bbox 1038 3514 1099 3601; x_wconf 92' lang='grc'>5,</span> <span class='ocrx_word' id='word_1_323' title='bbox 1129 3516 1302 3579; x_wconf 88' lang='grc'><strong>3433</strong></span> <span class='ocrx_word' id='word_1_324' title='bbox 1324 3516 1396 3581; x_wconf 93' lang='grc' dir='ltr'><strong><em>Β.</em></strong></span> <span class='ocrx_word' id='word_1_325' title='bbox 1487 3517 1709 3602; x_wconf 88' lang='lat' dir='ltr'>Menas</span> <span class='ocrx_word' id='word_1_326' title='bbox 1754 3518 2045 3581; x_wconf 83' lang='lat' dir='ltr'>notarius</span> <span class='ocrx_word' id='word_1_327' title='bbox 2092 3540 2207 3600; x_wconf 92' lang='lat' dir='ltr'><strong><em>per</em></strong></span> <span class='ocrx_word' id='word_1_328' title='bbox 2253 3517 2575 3581; x_wconf 87' lang='lat' dir='ltr'>somnium</span> <span class='ocrx_word' id='word_1_329' title='bbox 2623 3540 2660 3580; x_wconf 87' lang='lat' dir='ltr'>a</span> <span class='ocrx_word' id='word_1_330' title='bbox 2708 3519 2944 3582; x_wconf 88' lang='lat' dir='ltr'>sanctis</span> <span class='ocrx_word' id='word_1_331' title='bbox 2982 3520 3198 3604; x_wconf 86' lang='lat' dir='ltr'>flagel-</span> 
     </span>
     <span class='ocr_line' id='line_1_34' title="bbox 580 3610 3153 3702; baseline 0.002 -26"><span class='ocrx_word' id='word_1_332' title='bbox 580 3614 751 3677; x_wconf 92' lang='lat' dir='ltr'>latus</span> <span class='ocrx_word' id='word_1_333' title='bbox 802 3613 892 3688; x_wconf 79' lang='grc' dir='ltr'><strong><em>ὡς</em></strong></span> <span class='ocrx_word' id='word_1_334' title='bbox 937 3613 1114 3698; x_wconf 92' lang='grc' dir='ltr'><strong><em>ὕπαρ</em></strong></span> <span class='ocrx_word' id='word_1_335' title='bbox 1153 3614 1475 3698; x_wconf 85' lang='grc' dir='ltr'><strong><em>πληχθεὶς</em></strong></span> <span class='ocrx_word' id='word_1_336' title='bbox 1512 3610 1642 3699; x_wconf 83' lang='grc' dir='ltr'><strong><em>εἶχε</em></strong></span> <span class='ocrx_word' id='word_1_337' title='bbox 1680 3618 1837 3691; x_wconf 88' lang='grc' dir='ltr'><strong><em>τοὺς</em></strong></span> <span class='ocrx_word' id='word_1_338' title='bbox 1873 3616 2198 3699; x_wconf 85' lang='grc' dir='ltr'><strong><em>μώλωπας</em></strong></span> <span class='ocrx_word' id='word_1_339' title='bbox 2245 3611 2710 3702; x_wconf 71' lang='lat' dir='ltr'>(‘Schwielen&#39;)</span> <span class='ocrx_word' id='word_1_340' title='bbox 2758 3615 2862 3700; x_wconf 84' lang='lat'><strong><em>39,</em></strong></span> <span class='ocrx_word' id='word_1_341' title='bbox 2890 3615 3066 3679; x_wconf 85' lang='grc'>3576</span> <span class='ocrx_word' id='word_1_342' title='bbox 3090 3616 3153 3680; x_wconf 86' lang='lat' dir='ltr'><strong><em>O.</em></strong></span> 
     </span>
    </p>

    <p class='ocr_par' dir='ltr' id='par_1_6' title="bbox 577 3709 3200 4188">
     <span class='ocr_line' id='line_1_35' title="bbox 755 3709 3196 3799; baseline 0.002 -25"><span class='ocrx_word' id='word_1_343' title='bbox 755 3709 1026 3775; x_wconf 89' lang='lat' dir='ltr'>Ioannes</span> <span class='ocrx_word' id='word_1_344' title='bbox 1076 3712 1335 3795; x_wconf 89' lang='lat' dir='ltr'>quidam</span> <span class='ocrx_word' id='word_1_345' title='bbox 1384 3710 1716 3798; x_wconf 76' lang='lat' dir='ltr'>caecus2)</span> <span class='ocrx_word' id='word_1_346' title='bbox 1762 3714 2118 3777; x_wconf 88' lang='grc' dir='ltr'><strong><em>καθεύδων</em></strong></span> <span class='ocrx_word' id='word_1_347' title='bbox 2166 3710 2405 3777; x_wconf 80' lang='grc' dir='ltr'><strong><em>ἑαυτὸν</em></strong></span> <span class='ocrx_word' id='word_1_348' title='bbox 2453 3710 2698 3777; x_wconf 79' lang='grc' dir='ltr'><strong><em>ἑστῶτα</em></strong></span> <span class='ocrx_word' id='word_1_349' title='bbox 2735 3714 2863 3799; x_wconf 90' lang='grc' dir='ltr'><strong><em>πρὸ</em></strong></span> <span class='ocrx_word' id='word_1_350' title='bbox 2901 3723 3022 3780; x_wconf 84' lang='grc' dir='ltr'><strong><em>τοῦ</em></strong></span> <span class='ocrx_word' id='word_1_351' title='bbox 3059 3726 3196 3780; x_wconf 84' lang='grc' dir='ltr'><strong><em>τῶν</em></strong></span> 
     </span>
     <span class='ocr_line' id='line_1_36' title="bbox 584 3808 3200 3898; baseline 0.002 -25"><span class='ocrx_word' id='word_1_352' title='bbox 584 3809 797 3892; x_wconf 80' lang='grc' dir='ltr'><strong><em>ἁγίων</em></strong></span> <span class='ocrx_word' id='word_1_353' title='bbox 862 3812 1095 3893; x_wconf 82' lang='grc' dir='ltr'><strong><em>ἔβλεπε</em></strong></span> <span class='ocrx_word' id='word_1_354' title='bbox 1154 3812 1488 3894; x_wconf 88' lang='grc' dir='ltr'><strong><em>μνήματος</em></strong></span> <span class='ocrx_word' id='word_1_355' title='bbox 1545 3816 1679 3874; x_wconf 88' lang='grc' dir='ltr'><strong><em>κτλ.</em></strong></span> <span class='ocrx_word' id='word_1_356' title='bbox 1728 3810 1843 3893; x_wconf 91' lang='grc'>37,</span> <span class='ocrx_word' id='word_1_357' title='bbox 1881 3808 2050 3873; x_wconf 87' lang='grc'>3561</span> <span class='ocrx_word' id='word_1_358' title='bbox 2077 3808 2143 3874; x_wconf 81' lang='lat' dir='ltr'><strong><em>C.</em></strong></span> <span class='ocrx_word' id='word_1_359' title='bbox 2237 3809 2637 3893; x_wconf 84' lang='lat' dir='ltr'>Sophronius</span> <span class='ocrx_word' id='word_1_360' title='bbox 2698 3812 2792 3888; x_wconf 91' lang='grc' dir='ltr'><strong><em>εἰς</em></strong></span> <span class='ocrx_word' id='word_1_361' title='bbox 2853 3812 3200 3898; x_wconf 86' lang='grc' dir='ltr'><strong><em>εὐκτήριόν</em></strong></span> 
     </span>
     <span class='ocr_line' id='line_1_37' title="bbox 577 3905 3197 3994; baseline 0.002 -23"><span class='ocrx_word' id='word_1_362' title='bbox 577 3931 641 3971; x_wconf 94' lang='grc' dir='ltr'><strong><em>τι</em></strong></span> <span class='ocrx_word' id='word_1_363' title='bbox 691 3959 703 3970; x_wconf 94' lang='grc'><strong><em>.</em></strong></span> <span class='ocrx_word' id='word_1_364' title='bbox 754 3959 765 3971; x_wconf 92' lang='grc'><strong><em>.</em></strong></span> <span class='ocrx_word' id='word_1_365' title='bbox 816 3959 828 3971; x_wconf 95' lang='grc'><strong><em>.</em></strong></span> <span class='ocrx_word' id='word_1_366' title='bbox 878 3905 1116 3973; x_wconf 78' lang='grc' dir='ltr'><strong><em>ἑαυτὸν</em></strong></span> <span class='ocrx_word' id='word_1_367' title='bbox 1155 3910 1616 3994; x_wconf 79' lang='grc' dir='ltr'><strong><em>εἰσερχόμενον</em></strong></span> <span class='ocrx_word' id='word_1_368' title='bbox 1652 3910 1928 3990; x_wconf 82' lang='grc' dir='ltr'><strong><em>ἔβλεπεν</em></strong></span> <span class='ocrx_word' id='word_1_369' title='bbox 1969 3907 2070 3990; x_wconf 91' lang='grc'>70,</span> <span class='ocrx_word' id='word_1_370' title='bbox 2100 3907 2376 3972; x_wconf 76' lang='lat'><strong>367213:</strong></span> <span class='ocrx_word' id='word_1_371' title='bbox 2417 3930 2604 3971; x_wconf 90' lang='lat' dir='ltr'>suum</span> <span class='ocrx_word' id='word_1_372' title='bbox 2641 3909 2928 3992; x_wconf 87' lang='lat' dir='ltr'>ipsorum</span> <span class='ocrx_word' id='word_1_373' title='bbox 2966 3932 3197 3994; x_wconf 91' lang='lat' dir='ltr'>corpus</span> 
     </span>
     <span class='ocr_line' id='line_1_38' title="bbox 577 4005 3200 4092; baseline 0.001 -24"><span class='ocrx_word' id='word_1_374' title='bbox 577 4005 793 4068; x_wconf 87' lang='lat' dir='ltr'>videre</span> <span class='ocrx_word' id='word_1_375' title='bbox 842 4006 1051 4069; x_wconf 90' lang='lat' dir='ltr'>solent</span> <span class='ocrx_word' id='word_1_376' title='bbox 1096 4029 1212 4089; x_wconf 93' lang='lat' dir='ltr'><strong><em>per</em></strong></span> <span class='ocrx_word' id='word_1_377' title='bbox 1258 4028 1556 4070; x_wconf 91' lang='lat' dir='ltr'>somnum</span> <span class='ocrx_word' id='word_1_378' title='bbox 1603 4005 2003 4070; x_wconf 89' lang='lat' dir='ltr'>ambulantes</span> <span class='ocrx_word' id='word_1_379' title='bbox 2061 4005 2410 4069; x_wconf 85' lang='lat' dir='ltr'>secundum</span> <span class='ocrx_word' id='word_1_380' title='bbox 2465 4005 2853 4092; x_wconf 85' lang='lat' dir='ltr'>Koenigium</span> <span class='ocrx_word' id='word_1_381' title='bbox 2912 4007 3009 4072; x_wconf 92' lang='lat' dir='ltr'><strong><em>De</em></strong></span> <span class='ocrx_word' id='word_1_382' title='bbox 3056 4006 3200 4072; x_wconf 90' lang='lat' dir='ltr'>Ari-</span> 
     </span>
     <span class='ocr_line' id='line_1_39' title="bbox 582 4102 3045 4188; baseline 0.004 -23"><span class='ocrx_word' id='word_1_383' title='bbox 582 4102 765 4165; x_wconf 88' lang='lat' dir='ltr'>stidis</span> <span class='ocrx_word' id='word_1_384' title='bbox 813 4102 1223 4168; x_wconf 78' lang='lat' dir='ltr'>incubatione</span> <span class='ocrx_word' id='word_1_385' title='bbox 1269 4128 1328 4188; x_wconf 90' lang='lat' dir='ltr'><strong><em>p.</em></strong></span> <span class='ocrx_word' id='word_1_386' title='bbox 1370 4103 1410 4165; x_wconf 88' lang='lat'><em>6</em></span> <span class='ocrx_word' id='word_1_387' title='bbox 1448 4103 1591 4168; x_wconf 88' lang='lat' dir='ltr'>adn.</span> <span class='ocrx_word' id='word_1_388' title='bbox 3040 4129 3045 4132; x_wconf 79' lang='grc'><strong><em>’</em></strong></span> 
     </span>
    </p>

    <p class='ocr_par' dir='ltr' id='par_1_7' title="bbox 756 4197 3198 4286">
     <span class='ocr_line' id='line_1_40' title="bbox 756 4197 3198 4286; baseline 0.003 -24"><span class='ocrx_word' id='word_1_389' title='bbox 756 4197 1102 4265; x_wconf 90' lang='lat' dir='ltr'>Dormiunt</span> <span class='ocrx_word' id='word_1_390' title='bbox 1149 4202 1523 4267; x_wconf 89' lang='lat' dir='ltr'>incubantes</span> <span class='ocrx_word' id='word_1_391' title='bbox 1572 4205 1816 4267; x_wconf 90' lang='lat' dir='ltr'>strato</span> <span class='ocrx_word' id='word_1_392' title='bbox 1867 4202 2201 4286; x_wconf 87' lang='lat' dir='ltr'>supposito</span> <span class='ocrx_word' id='word_1_393' title='bbox 2241 4202 2310 4266; x_wconf 91' lang='lat' dir='ltr'>in</span> <span class='ocrx_word' id='word_1_394' title='bbox 2355 4202 2496 4286; x_wconf 91' lang='lat' dir='ltr'>ipso</span> <span class='ocrx_word' id='word_1_395' title='bbox 2545 4202 2736 4268; x_wconf 89' lang='lat' dir='ltr'>solo:</span> <span class='ocrx_word' id='word_1_396' title='bbox 2782 4202 2892 4269; x_wconf 82' lang='grc' dir='ltr'><strong><em>καὶ</em></strong></span> <span class='ocrx_word' id='word_1_397' title='bbox 2929 4211 3198 4271; x_wconf 80' lang='grc' dir='ltr'><strong><em>τεθεῖσα</em></strong></span> 
     </span>
    </p>
   </div>
   <div class='ocr_carea' id='block_1_3' title="bbox 577 4364 1003 4371">
    <p class='ocr_par' dir='ltr' id='par_1_8' title="bbox 577 4364 1003 4371">
     <span class='ocr_line' id='line_1_41' title="bbox 577 4364 1003 4371; baseline 0 893"><span class='ocrx_word' id='word_1_398' title='bbox 577 4364 1003 4371; x_wconf 95' lang='lat' dir='ltr'><strong><em> </em></strong></span> 
     </span>
    </p>
   </div>
   <div class='ocr_carea' id='block_1_4' title="bbox 578 4463 3196 4779">
    <p class='ocr_par' dir='ltr' id='par_1_9' title="bbox 578 4463 3196 4689">
     <span class='ocr_line' id='line_1_42' title="bbox 759 4463 3196 4539; baseline 0.003 -23"><span class='ocrx_word' id='word_1_399' title='bbox 759 4465 809 4533; x_wconf 92' lang='grc'><strong>1)</strong></span> <span class='ocrx_word' id='word_1_400' title='bbox 849 4463 917 4518; x_wconf 89' lang='lat' dir='ltr'><strong><em>cf.</em></strong></span> <span class='ocrx_word' id='word_1_401' title='bbox 959 4469 1043 4532; x_wconf 86' lang='lat'><strong><em>35,</em></strong></span> <span class='ocrx_word' id='word_1_402' title='bbox 1074 4464 1307 4518; x_wconf 81' lang='lat' dir='ltr'><strong>3545D:</strong></span> <span class='ocrx_word' id='word_1_403' title='bbox 1347 4465 1514 4522; x_wconf 80' lang='grc' dir='ltr'><strong><em>οὐδὲν</em></strong></span> <span class='ocrx_word' id='word_1_404' title='bbox 1554 4467 1738 4521; x_wconf 80' lang='grc' dir='ltr'><strong><em>αὐτῶν</em></strong></span> <span class='ocrx_word' id='word_1_405' title='bbox 1773 4477 1885 4523; x_wconf 83' lang='grc' dir='ltr'><strong><em>τῶν</em></strong></span> <span class='ocrx_word' id='word_1_406' title='bbox 1932 4468 1993 4523; x_wconf 76' lang='grc' dir='ltr'><strong><em>ἐν</em></strong></span> <span class='ocrx_word' id='word_1_407' title='bbox 2030 4463 2320 4535; x_wconf 81' lang='grc' dir='ltr'><strong><em>κτίσμασιν</em></strong></span> <span class='ocrx_word' id='word_1_408' title='bbox 2377 4466 2617 4539; x_wconf 75' lang='grc' dir='ltr'><strong><em>ἄβατον,</em></strong></span> <span class='ocrx_word' id='word_1_409' title='bbox 2657 4469 2760 4523; x_wconf 81' lang='grc' dir='ltr'><strong><em>οὐκ</em></strong></span> <span class='ocrx_word' id='word_1_410' title='bbox 2811 4469 3090 4538; x_wconf 83' lang='grc' dir='ltr'><strong><em>οὐρανός,</em></strong></span> <span class='ocrx_word' id='word_1_411' title='bbox 3129 4471 3196 4524; x_wconf 82' lang='grc' dir='ltr'><strong><em>οὐ</em></strong></span> 
     </span>
     <span class='ocr_line' id='line_1_43' title="bbox 579 4543 3196 4622; baseline 0.002 -23"><span class='ocrx_word' id='word_1_412' title='bbox 579 4555 666 4616; x_wconf 85' lang='grc' dir='ltr'><strong><em>γῆ,</em></strong></span> <span class='ocrx_word' id='word_1_413' title='bbox 705 4546 807 4599; x_wconf 79' lang='grc' dir='ltr'><strong><em>οὐκ</em></strong></span> <span class='ocrx_word' id='word_1_414' title='bbox 847 4543 973 4612; x_wconf 84' lang='grc' dir='ltr'><strong><em>ἀήρ,</em></strong></span> <span class='ocrx_word' id='word_1_415' title='bbox 1012 4544 1077 4597; x_wconf 81' lang='grc' dir='ltr'><strong><em>οὔ</em></strong></span> <span class='ocrx_word' id='word_1_416' title='bbox 1116 4551 1246 4612; x_wconf 84' lang='grc' dir='ltr'><strong><em>πῦρ,</em></strong></span> <span class='ocrx_word' id='word_1_417' title='bbox 1286 4546 1387 4615; x_wconf 79' lang='grc' dir='ltr'><strong><em>οὐχ</em></strong></span> <span class='ocrx_word' id='word_1_418' title='bbox 1423 4544 1591 4615; x_wconf 86' lang='grc' dir='ltr'><strong><em>ὕδωρ,</em></strong></span> <span class='ocrx_word' id='word_1_419' title='bbox 1630 4548 1696 4601; x_wconf 82' lang='grc' dir='ltr'><strong><em>οὐ</em></strong></span> <span class='ocrx_word' id='word_1_420' title='bbox 1733 4546 2008 4617; x_wconf 82' lang='grc' dir='ltr'><strong><em>θάλαττα,</em></strong></span> <span class='ocrx_word' id='word_1_421' title='bbox 2047 4546 2184 4600; x_wconf 81' lang='grc' dir='ltr'><strong><em>ἀλλὰ</em></strong></span> <span class='ocrx_word' id='word_1_422' title='bbox 2222 4545 2410 4601; x_wconf 84' lang='grc' dir='ltr'><strong><em>πάντα</em></strong></span> <span class='ocrx_word' id='word_1_423' title='bbox 2440 4547 2758 4619; x_wconf 83' lang='grc' dir='ltr'><strong><em>διέρχονται</em></strong></span> <span class='ocrx_word' id='word_1_424' title='bbox 2786 4551 2917 4613; x_wconf 79' lang='grc' dir='ltr'><strong><em>τοὺς</em></strong></span> <span class='ocrx_word' id='word_1_425' title='bbox 2954 4551 3196 4622; x_wconf 77' lang='grc' dir='ltr'><strong><em>εὐσεβεῖς</em></strong></span> 
     </span>
     <span class='ocr_line' id='line_1_44' title="bbox 578 4623 1358 4689; baseline 0 -11"><span class='ocrx_word' id='word_1_426' title='bbox 578 4626 676 4679; x_wconf 79' lang='grc' dir='ltr'><strong><em>καὶ</em></strong></span> <span class='ocrx_word' id='word_1_427' title='bbox 713 4626 942 4686; x_wconf 80' lang='grc' dir='ltr'><strong><em>πιστοὺς</em></strong></span> <span class='ocrx_word' id='word_1_428' title='bbox 980 4623 1358 4689; x_wconf 79' lang='grc' dir='ltr'><strong><em>διασώζοντες.</em></strong></span> 
     </span>
    </p>

    <p class='ocr_par' dir='ltr' id='par_1_10' title="bbox 758 4702 2754 4779">
     <span class='ocr_line' id='line_1_45' title="bbox 758 4702 2754 4779; baseline 0.004 -22"><span class='ocrx_word' id='word_1_429' title='bbox 758 4706 810 4774; x_wconf 83' lang='grc'><strong><em>2)</em></strong></span> <span class='ocrx_word' id='word_1_430' title='bbox 848 4712 1025 4758; x_wconf 84' lang='grc' dir='ltr'><strong><em>ταῦτα</em></strong></span> <span class='ocrx_word' id='word_1_431' title='bbox 1063 4704 1205 4759; x_wconf 78' lang='grc' dir='ltr'><strong><em>καθ’</em></strong></span> <span class='ocrx_word' id='word_1_432' title='bbox 1247 4702 1461 4768; x_wconf 86' lang='grc' dir='ltr'><strong><em>ὕπνους</em></strong></span> <span class='ocrx_word' id='word_1_433' title='bbox 1498 4706 1527 4760; x_wconf 90' lang='grc' dir='ltr'>ὁ</span> <span class='ocrx_word' id='word_1_434' title='bbox 1565 4706 1700 4770; x_wconf 85' lang='grc' dir='ltr'><strong><em>τέως</em></strong></span> <span class='ocrx_word' id='word_1_435' title='bbox 1735 4707 1988 4777; x_wconf 82' lang='grc' dir='ltr'><strong><em>τυφλὸς</em></strong></span> <span class='ocrx_word' id='word_1_436' title='bbox 2024 4707 2377 4779; x_wconf 81' lang='grc' dir='ltr'><strong><em>θεασάμενος</em></strong></span> <span class='ocrx_word' id='word_1_437' title='bbox 2414 4716 2499 4777; x_wconf 84' lang='lat'><strong><em>37,</em></strong></span> <span class='ocrx_word' id='word_1_438' title='bbox 2530 4714 2672 4763; x_wconf 87' lang='grc'>3564</span> <span class='ocrx_word' id='word_1_439' title='bbox 2691 4708 2754 4764; x_wconf 92' lang='grc' dir='ltr'><strong><em>Α.</em></strong></span> 
     </span>
    </p>
   </div>
   <div class='ocr_carea' id='block_1_5' title="bbox 3578 1641 3581 2272">
    <p class='ocr_par' dir='ltr' id='par_1_11' title="bbox 3578 1641 3581 2272">
     <span class='ocr_line' id='line_1_46' title="bbox 3578 1641 3581 2272; baseline 0 0"><span class='ocrx_word' id='word_1_440' title='bbox 3578 1641 3581 2272; x_wconf 95' lang='lat' dir='ltr'><strong><em> </em></strong></span> 
     </span>
    </p>
   </div>
   <div class='ocr_carea' id='block_1_6' title="bbox 3578 1641 3580 2548">
    <p class='ocr_par' dir='ltr' id='par_1_12' title="bbox 3578 1641 3580 2548">
     <span class='ocr_line' id='line_1_47' title="bbox 3578 1641 3580 2548; baseline 0 0"><span class='ocrx_word' id='word_1_441' title='bbox 3578 1641 3580 2548; x_wconf 95' lang='lat' dir='ltr'><strong><em> </em></strong></span> 
     </span>
    </p>
   </div>
   <div class='ocr_carea' id='block_1_7' title="bbox 3577 1641 3581 2747">
    <p class='ocr_par' dir='ltr' id='par_1_13' title="bbox 3577 1641 3581 2747">
     <span class='ocr_line' id='line_1_48' title="bbox 3577 1641 3581 2747; baseline 0 0"><span class='ocrx_word' id='word_1_442' title='bbox 3577 1641 3581 2747; x_wconf 95' lang='lat' dir='ltr'><strong><em> </em></strong></span> 
     </span>
    </p>
   </div>
   <div class='ocr_carea' id='block_1_8' title="bbox 3577 4098 3581 4687">
    <p class='ocr_par' dir='ltr' id='par_1_14' title="bbox 3577 4098 3581 4687">
     <span class='ocr_line' id='line_1_49' title="bbox 3577 4098 3581 4687; baseline 0 0"><span class='ocrx_word' id='word_1_443' title='bbox 3577 4098 3581 4687; x_wconf 95' lang='lat' dir='ltr'><strong><em> </em></strong></span> 
     </span>
    </p>
   </div>
  </div>
 </body>
</html>
