3611 5264
526 335 607 399 78
1654 330 1839 400 Caput
1874 329 1964 384 IV.

526 498 780 563 videtur
825 517 1121 561 conexus.
1211 494 1447 561 Nonne
1500 495 1627 559 alia
1679 494 1948 579 reperiri
2003 497 2302 577 possunt,
2360 493 2594 577 quibus
2653 492 3011 557 declaretur
3065 515 3135 556 re

522 618 672 660 vera
730 598 1046 679 martyres
1107 593 1493 659 christianos
1554 592 1771 676 aliquo
1824 591 2018 656 modo
2079 614 2117 655 6
2176 591 2512 656 Dioscuris
2579 590 2900 655 derivatos
2958 590 3138 655 esse?

522 695 822 759 Profecto
892 715 1022 758 non
1079 692 1325 757 desunt.
1429 690 1699 756 Constat
1762 690 1931 754 inter
1995 711 2216 754 omnes
2279 689 2621 754 notissima
2674 688 3137 753 Dioscurorum

526 792 823 877 symbola
869 813 1067 875 equos
1118 813 1256 855 esse
1311 812 1386 854 ac
1440 789 1660 855 stellas
1675 785 1743 875 ¹).
1835 788 1938 852 Ex
1993 788 2175 872 equis
2230 787 2402 851 bello
2457 785 2837 851 Latinorum
2894 786 2975 850 ad
3019 786 3137 851 Re-

524 891 753 976 gillum
798 890 1011 954 lacum
1056 910 1345 974 pugnare
1390 888 1512 952 visi
1551 891 1702 952 sunt
1738 887 1808 950 in
1843 885 2283 951 Romanorum
2320 885 2454 949 acie
2483 883 2641 971 (Cic.
2670 884 2736 950 N
2739 884 2840 949 .D.
2870 883 2933 948 H
2962 886 3022 968 2,
3051 883 3139 970 6).

523 989 876 1054 Dioscuros
925 987 1311 1070 memineris,
1359 987 1415 1050 si
1460 987 1636 1071 legas
1684 1006 1847 1069 quae
1893 1008 1953 1068 p.
1993 984 2081 1048 20
2116 984 2396 1070 Wangn.
2446 983 2523 1046 de
2558 983 2952 1066 martyribus
2996 1004 3139 1046 nar-

524 1092 775 1152 rantur:
824 1086 1120 1150 diabolus
1169 1085 1503 1149 mulierem
1559 1083 1910 1169 quandam,
1967 1104 2132 1167 quae
2176 1082 2511 1168 anargyris
2568 1081 2805 1146 sanctis
2861 1080 3026 1143 freta
3071 1080 3140 1144 in

523 1185 739 1250 locum
788 1185 1108 1249 desertum
1154 1184 1340 1247 illum
1379 1187 1597 1248 secuta
1634 1187 1747 1269 est,
1793 1182 2153 1247 interficere
2190 1185 2483 1246 conatur:
2531 1180 2694 1263 αὐτὴ
2742 1176 2817 1244 δὲ
2853 1180 2925 1244 τὸ
2965 1180 3139 1263 ὄμμα

527 1290 621 1359 είς
684 1283 979 1370 οὐρανὸν
1039 1283 1391 1347 ἀτενίσασα
1456 1280 1689 1366 ἐβόησε
1748 1290 1943 1367 φωνῇ
2002 1281 2250 1366 μεγάλῃ
2322 1278 2629 1362 λέγουσα·
2692 1277 2728 1343 ὁ
2788 1278 2949 1353 θεὸς
3007 1287 3139 1341 τῶν

526 1380 738 1463 ἁγίων
783 1380 1184 1466 ἀναργύρων
1230 1382 1470 1464 βοήθει
1514 1404 1644 1465 μοι.
1691 1381 1871 1463 ἅγιοι
1919 1378 2332 1465 ἀνάργυροι.
2364 1430 2377 1442 .
2409 1430 2421 1442 .
2453 1376 2868 1442 σπουδάσατε
2913 1374 3138 1439 ἐλθεῖν

528 1482 622 1557 εἰς
666 1481 789 1563 τὴν
834 1477 1158 1562 βοήθειάν
1203 1502 1334 1562 μου
1384 1530 1396 1542 .
1437 1529 1450 1541 .
1491 1529 1503 1541 .
1550 1477 1710 1562 ὑμῖν
1757 1479 1884 1560 γὰρ
1933 1476 2285 1541 ἐπίστευσα
2328 1473 2438 1540 καὶ
2485 1475 2914 1558 ἠκολούθησα
2959 1472 3137 1559 αὐτῷ

528 1576 643 1665 (66.
684 1574 988 1664 diabolo).
1036 1577 1109 1641 οἱ
1148 1572 1222 1641 δὲ
1268 1576 1448 1658 ἅγιοι
1496 1627 1508 1640 .
1559 1628 1571 1639 .
1622 1627 1633 1640 .
1684 1579 1761 1639 K.
1814 1573 1925 1639 καὶ
1971 1579 2052 1638 Δ.
2099 1574 2433 1658 βοησάσης
2486 1572 2689 1657 αὐτῆς
2747 1572 2897 1637 ἰδοὺ
2954 1569 3139 1655 ἐφά-

504 1692 774 1759 ,νησαν
830 1674 996 1760 αὐτῇ
1044 1673 1133 1750 ὡς
1180 1672 1261 1738 ἐν
1309 1676 1641 1758 σχήματι
1690 1671 1985 1738 ἱππέων
2038 1671 2148 1738 καὶ
2193 1677 2455 1756 πλῆθος
2500 1673 2704 1755 ὄχλου
2747 1674 2882 1735 κτλ.
2963 1666 3142 1731 Idem

527 1797 588 1856 p.
614 1773 767 1836 128:
806 1778 1096 1856 αἴφνης
1133 1772 1259 1857 γὰρ
1297 1780 1657 1856 παρῆσαν
1705 1772 1837 1856 ἅμα
1882 1773 2126 1854 πλήθει
2176 1769 2470 1835 ἱππέων
2515 1773 2827 1833 πολλῶν
2874 1764 3142 1853 (of.A.s.

524 1894 585 1954 p.
624 1870 776 1957 478,
818 1869 926 1934 16:
986 1870 1233 1955 „statim
1313 1875 1832 1952 apparuerunt
1883 1870 1941 1933 ei
2012 1870 2214 1934 sancti
2273 1870 2355 1932 in
2416 1867 2675 1931 habitu
2738 1861 3142 1950 equitum“).

527 1967 631 2032 Ad
694 1967 992 2032 Cosmam
1052 1967 1254 2052 igitur
1315 1972 1380 2032 et
1436 1967 1825 2032 Damianum
1883 1967 2204 2050 pertinere
2261 1966 2586 2048 videntur,
2657 1986 2818 2049 quae
2883 1962 3143 2027 exhibet

526 2064 907 2130 Anastasius
973 2063 1223 2129 Sinaita
1278 2063 1534 2141 Quaest.
1583 2065 1667 2129 89
1723 2066 1946 2150 Migne
1990 2069 2037 2130 t.
2077 2066 2161 2130 89
2217 2088 2278 2148 p.
2320 2064 2444 2129 717
2471 2062 2546 2127 O:
2612 2061 2859 2128 εἰδέναι
2918 2060 3142 2146 μέντοι

528 2166 864 2250 προσήκει,
903 2162 1004 2228 ὅτι
1043 2175 1246 2228 πᾶσαι
1285 2163 1360 2227 αἱ
1399 2163 1767 2228 ὀπτασίαι
1817 2164 1890 2227 αἰ
1922 2165 2269 2247 γινόμεναι
2316 2161 2401 2227 ἐν
2447 2172 2613 2238 τοῖς
2657 2171 2882 2237 ναοῖς
2926 2158 2968 2243 ἢ
3014 2176 3142 2223 σο-

528 2274 698 2347 ροῖς
741 2272 877 2326 τῶν
922 2260 1131 2344 ἁγίων
1177 2258 1265 2325 δι’
1323 2259 1533 2343 ἁγίων
1569 2259 1868 2344 ἀγγέλων
1905 2260 2358 2326 ἐπιτελοῦνται
2416 2258 2498 2324 δι’
2548 2258 2901 2345 ἐπιτροπῆς
2950 2261 3140 2322 Θεοῦ.

531 2358 672 2424 ἐπεὶ
718 2369 858 2436 πῶς
903 2360 1195 2424 δυνατὸν
1238 2361 1429 2443 μήπω
1476 2367 1592 2441 τῆς
1647 2357 2066 2434 ἀναστάσεως
2119 2368 2255 2424 τῶν
2311 2357 2631 2442 σωμάτων
2687 2353 3143 2440 γεγενημένης,

533 2454 677 2521 ἀλλ’
739 2458 834 2521 ἔτι
899 2467 1033 2521 τῶν
1098 2454 1311 2521 ὀστῶν
1370 2454 1480 2519 καὶ
1540 2465 1674 2520 τῶν
1734 2466 1999 2542 σαρκῶν
2062 2468 2196 2521 τῶν
2255 2455 2468 2539 ἁγίων
2537 2453 3143 2541 διεσκορπισμένων

537 2555 838 2619 εἴδεσθαι
884 2554 1163 2631 τούτους
1209 2554 1353 2637 εἴδη
1401 2551 1578 2642 (fort.
1618 2555 1777 2619 εἴδει
1816 2552 2066 2641 Migne)
2112 2554 2519 2640 ὁλοκλήρους
2563 2555 2811 2640 ἄνδρας
2856 2551 3143 2616 πολλά-
3213 2595 3221 2605 -

530 2676 651 2729 κις
725 2650 839 2737 ἐφ’
910 2653 1181 2729 ’ἵπποις
1244 2651 1834 2737 ὀπτανομένους
1905 2650 2708 2739 καθωπλισμένουςςῖ)
2767 2689 2851 2698 --
2914 2649 3142 2734 Neque

529 2772 679 2814 vero
729 2750 961 2815 desunt
1008 2749 1256 2815 stellae:
1304 2751 1381 2815 cf.
1420 2750 1525 2815 W.
1564 2773 1623 2834 p.
1663 2751 1747 2815 28
1770 2773 1890 2835 sq.:
1937 2743 2045 2817 οἷα
2091 2753 2217 2838 γὰρ
2264 2750 2585 2837 ἀστέρες
2628 2751 3015 2834 πολύφωτοι
3061 2751 3140 2812 Κ.

530 2847 641 2913 καὶ
687 2855 770 2913 Δ.
819 2847 890 2913 ἐκ
936 2859 1071 2914 τῶν
1116 2849 1453 2935 οὐρανίων
1498 2848 1762 2914 ἀδύτων
1808 2861 1952 2926 ταῖς
2006 2859 2126 2915 τοῦ
2184 2855 2477 2935 Χριστοῦ
2531 2858 2863 2933 μυστικῶς
2919 2847 3143 2930 ἐκκλη-

533 2950 705 3023 σίαις
753 2946 1186 3029 ἐγκύπτοντες
1234 2949 1549 3033 σήμερον;
1593 2947 1698 3037 vel
1743 2947 1829 3011 ib.
1867 2971 1927 3032 p.
1970 2948 2123 3012 142:
2181 2949 2246 3013 οἱ
2301 2945 2589 3033 λαμπροὶ
2642 2945 2753 3011 καὶ
2806 2946 3141 3029 πάνσοφοι

533 3043 882 3129 ἀστέρες,
931 3046 1003 3109 οἱ
1032 3046 1154 3128 τὴν
1200 3054 1328 3127 γῆν
1370 3056 1733 3130 προφανῶς
1778 3046 2298 3132 οὐρανώσαντες.
2386 3044 2524 3109 Iam
2580 3066 2771 3128 super
2827 3064 3142 3127 superque

532 3141 824 3205 clarescit
880 3139 1179 3205 0061116111
1237 3146 1299 3205 et
1355 3141 1743 3207 Damianum
1800 3165 1948 3208 cum
2003 3143 2338 3208 Dioscuris
2404 3144 2725 3207 artissime
2789 3141 3140 3206 cohaerere.

529 3237 717 3303 Nihil
765 3237 953 3321 valet,
1002 3239 1175 3322 quod
1219 3239 1349 3305 loci
1397 3240 1475 3304 de
1522 3243 1703 3324 equis
1752 3246 1815 3305 et
1864 3242 2068 3306 stellis
2115 3265 2153 3305 a
2195 3242 2384 3305 nobis
2423 3241 2687 3305 indicati
2727 3241 2806 3304 ad
2845 3236 3140 3304 0061116111

533 3340 597 3399 et
642 3336 1029 3400 Damianum
1085 3335 1407 3403 Asiaticos
1463 3340 1805 3423 pertinent.
1901 3339 2061 3404 Cum
2117 3362 2231 3424 per
2287 3362 2353 3404 se
2409 3343 2903 3405 consentaneum
2962 3341 3057 3401 est
3106 3358 3142 3399 a

530 3434 850 3518 principio
898 3435 1213 3500 eiusmodi
1261 3436 1604 3502 discrimen
1649 3458 1780 3503 non
1828 3437 2170 3521 exstitisse,
2215 3442 2354 3501 tum
2403 3459 2477 3501 eo
2525 3437 2732 3522 magis
2776 3456 2949 3499 nunc
2985 3433 3143 3497 haec

530 3555 633 3598 res
680 3534 1025 3618 stabilitur,
1072 3556 1217 3599 cum
1266 3533 1332 3599 0.
1372 3539 1435 3599 et
1472 3535 1549 3600 D.
1588 3534 1834 3600 Arabes
1872 3557 1989 3618 pro
2036 3536 2370 3600 Dioscuris
2408 3534 2580 3618 apud
2618 3532 2890 3598 Graecos
2934 3530 3144 3595 habiti

534 3632 692 3716 sint,
742 3630 807 3697 0.
863 3654 1016 3697 vero
1078 3637 1141 3697 et
1199 3632 1278 3697 D.
1339 3631 1612 3699 Asiatici
1668 3656 1817 3699 cum
1877 3655 2098 3698 eorum
2159 3633 2449 3717 ipsorum
2510 3631 2822 3716 symbolis
2884 3630 3142 3695 coniun-

533 3734 784 3815 gantur.

717 3982 770 4049 1)
810 3980 878 4035 cf.
895 3975 1318 4049 Furtwaengler
1344 3977 1405 4032 in
1423 3976 1693 4034 Roscheri
1723 3975 1904 4034 lexico
1934 3980 2240 4050 mytholog.
2260 3996 2363 4037 av,
2380 3975 2736 4034 DioskurenI
2758 3986 2785 4033 1
2807 3996 2861 4049 p.
2882 3980 3140 4047 1171,66:

530 4058 660 4125 „Sic
697 4060 810 4124 (die
838 4060 1050 4129 Sterne)
1089 4060 1218 4114 sind
1254 4061 1373 4115 eins
1400 4059 1496 4115 der
1522 4061 1972 4130 yewohnlichsten
1998 4060 2245 4131 Symbole
2272 4061 2368 4115 der
2394 4061 2777 4127 Dioskuren“;
2803 4078 2857 4129 p.
2877 4064 2976 4112 117
2983 4065 3032 4127 2,
3049 4063 3141 4111 56:

533 4139 697 4205 „Das
742 4140 884 4205 Rofs
929 4143 1003 4195 ist
1047 4142 1149 4195 das
1184 4140 1369 4195 c’ilteste
1404 4142 1523 4195 und
1558 4141 1659 4195 mit
1693 4142 1813 4195 dem
1861 4143 2053 4197 Wesen
2089 4142 2184 4196 der
2221 4142 2536 4196 Dioskuren
2579 4141 2791 4210 inniyst
2825 4139 3145 4206 verkmzpfte

533 4218 756 4289 Symbol
803 4221 923 4274 und
967 4220 1219 4275 Atvribut
1261 4221 1590 4276 derselben.<“
1661 4221 1804 4275 Vide
1852 4220 2154 4274 Dioscuros
2207 4219 2526 4288 equitantes
2572 4219 2633 4273 in
2679 4219 2904 4288 lecytho
2933 4217 3143 4287 ‚Attica

533 4298 611 4352 ib.
639 4315 693 4366 p.
727 4299 973 4371 1169s70,
1011 4299 1070 4352 in
1107 4317 1334 4354 nummo
1376 4317 1544 4355 611160
1583 4300 1889 4355 Tarentino
1928 4300 2005 4355 ib.
2033 4318 2087 4369 p.
2122 4305 2288 4369 1175,
2334 4299 2535 4354 itidem
2582 4317 2709 4354 cum
2756 4298 2935 4353 stellis
2974 4314 3143 4368 supra

534 4377 725 4447 capita
761 4378 962 4448 positis
999 4378 1061 4433 in
1097 4379 1328 4435 denario
1356 4381 1610 4437 Romano
1648 4381 1723 4435 ib.
1753 4399 1809 4450 p.
1841 4386 2004 4449 11763
2045 4380 2236 4451 capita
2262 4396 2456 4435 eorum
2483 4397 2610 4434 cum
2640 4379 2820 4436 stellis
2847 4379 2909 4432 in
2936 4378 3142 4433 Bretti-

536 4476 696 4513 orum
730 4476 958 4513 nummo
995 4459 1388 4531 (Berolinensi)
1425 4461 1504 4517 ib.
1531 4480 1585 4531 p.
1619 4467 1773 4516 1177.

713 4541 767 4608 2)
807 4539 961 4603 Quae
988 4557 1042 4609 p.
1075 4540 1248 4593 ⁷20A
1278 4544 1564 4597 secuntur:
1602 4544 1699 4597 καὶ
1737 4541 1833 4597 ἵνα
1861 4542 1935 4611 μὴ
1964 4538 2167 4606 δόξωσί
2202 4559 2352 4604 τινες
2389 4540 2706 4609 ἰατρικὰς
2741 4540 2887 4610 ἡμᾶς
2927 4544 3143 4610 μυθο-

532 4615 774 4688 λογίας
809 4618 1202 4688 ἀναπλάττειν,
1240 4619 1483 4676 ἄκουσον
1523 4621 1816 4691 Γραφικὰς
1852 4623 1980 4689 περὶ
2016 4631 2216 4692 ψυχῶν
2242 4620 2558 4693 θεολογίας,
2587 4624 2852 4675 contextu
2880 4620 3146 4675 videlicet

534 4698 798 4752 nonnihil
836 4700 1066 4754 turbato
1103 4699 1164 4753 in
1201 4716 1260 4753 re
1297 4703 1491 4755 nostra
1530 4702 1799 4757 adhibere
1838 4701 2110 4758 dubitavi.
