3611 5264
597 325 681 389 68
1738 324 1920 393 Caput
1954 322 2045 377 IV.

599 488 850 552 dicatur
894 487 972 551 de
1018 486 1263 572 templo
1311 490 1655 571 exstructo,
1700 509 1781 550 ne
1829 488 1957 550 iam
2004 486 2069 550 id
2116 487 2460 572 attendam,
2507 486 2680 571 quod
2727 486 2966 550 ibidem
3019 482 3213 551 Iason

597 608 631 649 e
679 584 985 650 Colchide
1030 607 1381 650 reversus
1428 584 1812 650 sacrificium
1867 585 2202 650 duodecim
2260 586 2574 649 instaurat
2620 584 2745 668 dis,
2802 606 2948 649 cum
2993 582 3214 648 fabula

593 706 786 767 supra
832 687 1330 748 commemorata
1367 684 1447 747 ad
1494 685 1617 747 iter
1652 683 1721 747 in
1759 681 2131 747 Colchidem
2168 683 2530 748 faciendum
2576 683 2911 766 pertineat.
2984 680 3212 766 Itaque

593 785 787 864 stant,
836 804 998 865 quae
1043 786 1222 846 tomo
1271 780 1672 846 antecedenti
1729 780 2098 864 explanavit
2152 781 2398 865 Maury.
2490 780 2588 845 De
2635 778 2940 864 Apolline
2995 783 3211 844 autem

592 878 848 944 Iasonio
908 901 1027 944 nec
1072 880 1284 943 minus
1331 879 1408 943 de
1457 876 1789 963 Sarapide,
1845 879 2097 942 etiamsi
2153 900 2299 943 cum
2357 877 2701 943 Sosthenio
2758 877 2899 961 ipso
2954 878 3064 942 vix
3111 900 3213 943 co-

591 978 913 1061 haereant,
958 976 1083 1042 hoc
1127 981 1346 1041 tamen
1392 976 2026 1042 animadvertendum
2072 981 2171 1040 est
2215 979 2347 1041 non
2391 976 2632 1041 nullius
2688 998 2825 1040 esse
2879 977 3211 1058 momenti,

594 1076 765 1158 quod
812 1075 1125 1140 eiusmodi
1172 1075 1275 1138 dei
1321 1075 1553 1138 medici
1599 1075 1668 1137 in
1714 1075 1791 1138 iis
1841 1074 1997 1157 ipsis
2034 1075 2406 1160 regionibus
2441 1074 2630 1140 nobis
2669 1077 3028 1157 occurrunt,
3075 1076 3215 1159 qui-

596 1173 717 1236 bus
783 1173 977 1237 etiam
1042 1171 1204 1236 illud
1275 1171 1609 1236 Michaelis
1682 1171 1996 1255 templum
2070 1176 2168 1235 est
2240 1172 2453 1237 situm.
2567 1170 2724 1248 Quis
2796 1171 2993 1235 fuerit
3057 1172 3211 1236 deus

600 1268 927 1336 Sosthenii
973 1292 1107 1335 non
1159 1271 1287 1335 nisi
1342 1271 1548 1335 conici
1603 1273 1846 1354 potest3
1901 1269 2173 1334 fortasse
2229 1268 2596 1353 Σωσθένης
2652 1269 2911 1353 quidam
2925 1267 2994 1355 ¹),
3050 1292 3213 1353 quae

595 1372 692 1432 est
730 1368 1050 1433 sententia
1088 1390 1233 1432 cum
1272 1367 1546 1432 aliorum
1585 1370 1724 1430 tum
1760 1366 2034 1431 Useneri
2071 1365 2561 1454 (Gotternamen
2597 1390 2658 1449 p.
2697 1365 2884 1454 362);
2931 1371 3212 1431 ceterum

592 1465 765 1529 haud
812 1466 904 1530 ita
949 1465 1227 1529 multum
1267 1466 1533 1530 interest
1570 1465 1861 1550 indagari
1905 1486 2159 1547 nomen,
2206 1486 2352 1529 cum
2388 1487 2491 1529 res
2535 1464 2691 1528 satis
2739 1465 2824 1529 sit
2861 1465 3212 1548 perspicua.

594 1563 909 1628 Diffusius
958 1564 1036 1628 de
1081 1563 1335 1647 Mauryi
1382 1562 1944 1647 explanationibus
1991 1564 2258 1649 egimus,
2307 1564 2458 1647 quia
2501 1586 2634 1627 non
2679 1562 2979 1648 indignae
3024 1562 3211 1627 nobis

590 1662 908 1745 videntur,
955 1684 1118 1745 quae
1165 1663 1521 1726 accuratius
1569 1661 1997 1726 attendantur.
2011 1658 2062 1748 2)
2137 1659 2472 1737 Quomodo
2519 1664 2764 1743 martyr
2807 1656 2925 1725 vel'
2955 1664 3213 1725 sanctus

598 1759 985 1824 christianus
1033 1760 1361 1825 daemonis
1408 1759 1649 1823 ethnici
1694 1759 1909 1824 locum
1957 1762 2252 1843 occupet,
2298 1782 2452 1824 mox
2508 1759 2818 1842 exemplis
2873 1759 3063 1823 certis
3111 1759 3213 1821 de-

597 1857 1007 1922 clarabimus:
1054 1862 1394 1942 propterea
1437 1857 1596 1922 haec
1640 1857 1818 1922 volui
1863 1857 2289 1940 praemittere.

1376 2028 1434 2091 2.
1493 2025 1801 2091 Cosmas
1858 2029 1931 2092 et
1986 2025 2417 2091 Damianus.

778 2133 929 2198 Tria
1000 2134 1069 2198 in
1139 2134 1420 2198 menaeis
1486 2133 1935 2197 discernuntur
1995 2133 2176 2216 paria
2236 2133 2469 2198 horum
2541 2132 2840 2218 fratrum,
2904 2134 3211 2217 primum:

598 2230 858 2296 Cosmas
920 2236 985 2297 et
1038 2231 1392 2296 Damianus
1453 2229 1742 2314 Asiatici,
1797 2230 2100 2295 alterum:
2161 2230 2468 2315 Romani,
2526 2232 2819 2296 tertium:
2878 2230 3140 2296 Arabes.
3155 2228 3207 2316 3)

590 2330 786 2394 Primi
832 2329 1095 2395 Cosmas
1143 2333 1208 2393 et
1253 2329 1605 2394 Damianus
1651 2326 1924 2393 Asiatici
1970 2328 2090 2391 fflii
2137 2332 2318 2392 erant
2363 2328 2653 2393 mulieris
2699 2331 2844 2413 piae
2891 2351 2965 2395 ac
3001 2328 3209 2393 fidelis

593 2430 854 2493 nomine
899 2427 1288 2512 Theodotae,
1333 2428 1573 2491 mortui
1620 2431 1772 2491 sunt
1818 2426 1954 2491 sine
1999 2425 2134 2489 ulla
2178 2427 2262 2510 vi,
2309 2426 2545 2509 sepulti
2591 2426 2735 2493 loco
2773 2431 3003 2493 vocato
3048 2426 3209 2491 Phe-

599 2524 901 2612 reman.4)
992 2523 1200 2589 Alteri
1258 2524 1536 2590 Romani
1604 2525 1849 2589 Romae
1912 2523 2278 2588 habitantes
2344 2524 2729 2608 imperatore
2799 2525 3031 2590 Carino
3098 2547 3213 2608 per

598 2624 818 2690 dolum
864 2625 933 2689 in
977 2627 1265 2689 montem
1312 2623 1570 2688 adducti
1616 2621 1939 2706 lapidibus
1962 2624 2136 2699 „sunt
2180 2623 2408 2688 necati.
2421 2621 2473 2711 ⁵)
2564 2623 2765 2689 Tertii
2808 2622 3053 2688 Arabes
3098 2647 3214 2707 per

596 2745 818 2788 omnes
863 2722 1231 2808 migrabant
1277 2722 1485 2806 urbes,
1532 2722 1822 2786 infirmos
1860 2721 2186 2804 curabant,
2235 2720 2475 2786 Christi
2519 2745 2758 2788 nomen
2799 2722 3211 2806 nuntiabant3

591 2820 984 2885 Diocletiani
1041 2824 1105 2885 et
1150 2820 1528 2885 Maximiani
1581 2819 1981 2903 temporibus
2036 2820 2359 2884 interfecti
2415 2825 2565 2885 sunt
2619 2818 2817 2906 Aegis
2868 2820 3145 2885 Ciliciae.
3158 2817 3210 2906 ⁶)

772 2916 1284 2983 Consentaneum
1359 2922 1456 2983 est
1524 2941 1563 2982 a
1623 2916 1942 3001 principio
2006 2940 2139 2982 non
2200 2917 2328 2982 nisi
2388 2940 2587 2982 unum
2662 2940 2779 3001 par
2850 2922 3209 3002 martyrum

598 3016 937 3101 exstitisse,
985 3017 1156 3099 quod
1202 3019 1427 3100 postea
1472 3016 1541 3080 in
1585 3015 1710 3079 tria
1753 3015 1936 3098 paria
1981 3014 2358 3080 distractum
2407 3020 2519 3079 est.

772 3112 1071 3178 Cosmam
1117 3116 1183 3176 et
1228 3112 1617 3177 Damianum
1661 3135 1778 3196 per
1823 3112 2302 3178 incubationem
2349 3134 2601 3177 curasse
2659 3112 2953 3177 homines
3002 3112 3211 3178 elucet

591 3209 695 3276 vel
751 3233 784 3274 0
842 3209 1150 3296 Gregorio
1206 3210 1564 3276 Turonensi
1609 3211 1679 3275 in
1731 3209 1892 3296 glor.
1939 3215 2123 3275 mart.
2163 3211 2245 3274 97
2312 3209 2485 3277 Mon.
2536 3209 2744 3275 Germ.
2799 3234 2861 3295 p.
2898 3210 3030 3274 553
3088 3234 3210 3296 sq.:

594 3311 749 3394 „duo
793 3330 933 3373 vero
973 3310 1227 3391 yemiui,
1278 3308 1534 3375 Cosmus
1577 3310 1808 3374 seilicet
1849 3314 1906 3373 et
1947 3308 2340 3393 Damianus,
2385 3315 2546 3374 arte
2589 3307 2917 3395 medici7)
2967 3361 2979 3373 .
3029 3359 3042 3372 .
3091 3358 3107 3373 .
3152 3311 3213 3373 si

593 3408 734 3488 quis
777 3408 1072 3489 infirmus
1116 3409 1204 3471 ad
1245 3427 1454 3471 eorum
1498 3407 1967 3489 sepulchrum
2009 3408 2131 3489 fide
2178 3407 2403 3489 plenus
2456 3408 2750 3486 oraverit,
2803 3408 3018 3472 statim
3072 3408 3212 3472 adi-

587 3506 857 3586 piscitur
899 3505 1293 3570 medicinam.
1338 3506 1617 3587 referunt
1657 3506 1847 3569 etiam
1881 3505 2165 3587 plerique
2218 3526 2583 3587 apparere
2634 3524 2734 3570 eos
2779 3526 2917 3588 per
2969 3506 3210 3569 visum

594 3602 1024 3685 lanquentibus
1070 3607 1130 3666 et
1169 3603 1350 3684 quid
1387 3604 1690 3685 faciant
1729 3604 2102 3679 indicare;
2149 3605 2315 3684 quod
2346 3624 2485 3668 cum
2518 3604 2791 3685 fecerint,
2836 3604 2984 3667 sani
3027 3604 3210 3667 disee-

589 3701 746 3765 duut
791 3752 803 3765 .
853 3750 867 3763 .
917 3751 931 3764 .
978 3701 1180 3765 cuncti
1222 3700 1484 3782 fideliter
1527 3702 1917 3784 deprecantes
1958 3701 2106 3766 sani
2149 3701 2607 3766 discesserunt.“

773 3896 826 3960 1)
864 3892 1034 3947 Cuius
1070 3908 1274 3947 nomen
1311 3892 1558 3946 Malalae
1595 3892 1784 3947 verbis
1821 3909 1935 3948 non
1971 3892 2121 3947 inest
2157 3896 2230 3964 (p.
2263 3898 2347 3962 78,
2380 3896 2492 3964 19):
2532 3892 2861 3956 καλέσαντες
2908 3894 3009 3949 τὸν
3037 3893 3210 3948 αὐτὸν

593 3971 770 4027 τόπον
805 3969 841 4040 ἢ
877 3972 941 4027 τὸ
980 3973 1134 4041 ἱερὸν
1170 3972 1307 4027 αὐτὸ
1347 3971 1688 4043 Σωσθένην,
1724 3970 1871 4027 διότι
1909 3972 2026 4027 ἐκεῖ
2070 3971 2346 4044 φυγόντες
2390 3974 2712 4044 ἐσώθησανς
2757 3989 2890 4027 nam
2934 3990 3036 4044 pro
3081 3976 3205 4027 Σω-

595 4049 808 4121 σθένην
843 4051 1146 4121 legendum
1185 4055 1272 4107 est
1307 4051 1655 4108 Σωσθένιον.

775 4133 829 4200 2)
868 4129 1079 4195 Quodsi
1116 4132 1378 4186 Panofka
1414 4131 1450 4186 1.
1482 4149 1523 4187 s.
1553 4151 1607 4202 p.
1640 4138 1742 4187 117
1783 4132 1912 4188 adn.
1950 4133 2175 4202 Mauryi
2222 4133 2677 4188 conclusionibus
2724 4133 3064 4188 enumeratis
3101 4133 3211 4187 iro-

597 4209 723 4263 nice
763 4210 1042 4265 exclamat
1081 4212 1344 4281 ‘sapieuti
1377 4213 1507 4282 sat’,
1544 4212 1732 4267 nescio
1768 4230 1905 4266 num
1941 4212 2064 4282 ipse
2102 4212 2327 4283 sapiens
2363 4213 2550 4269 fuerit.

778 4293 834 4357 3)
872 4290 943 4345 cf.
980 4290 1417 4361 Wangnereckii
1457 4293 1767 4363 Syntagma
1804 4295 1874 4362 (v.
1903 4312 1957 4363 p.
1988 4298 2074 4363 58,
2106 4298 2159 4363 1)
2196 4312 2251 4363 p.
2282 4299 2407 4362 2sq.

777 4373 832 4440 4)
871 4368 1031 4434 Quod
1068 4369 1221 4425 idem
1258 4388 1323 4426 ac
1359 4372 1604 4426 Phar-ma
1638 4372 1887 4442 Aegypti
1923 4373 2075 4442 urbs,
2112 4391 2161 4427 v.
2200 4373 2406 4427 Dehnii
2442 4374 2681 4444 praefat.
2710 4391 2765 4445 p.
2794 4376 2873 4430 XI
2891 4392 2972 4444 sq.

771 4452 826 4519 5)
863 4449 1106 4519 Wangn.
1136 4449 1172 4505 1.
1205 4468 1275 4518 s.;
1314 4451 1383 4506 cf.
1423 4451 1613 4507 Malal.
1649 4459 1713 4505 12
1750 4470 1804 4521 p.
1836 4458 1941 4506 304
1962 4470 2081 4521 sqq.
2121 4452 2206 4507 ed.
2236 4453 2326 4521 B.;
2363 4453 2607 4525 Wangn.
2637 4474 2691 4525 p.
2723 4461 2920 4525 254sq.

773 4532 827 4599 6)
863 4528 968 4598 ib.;
1008 4529 1076 4584 cf.
1115 4547 1170 4598 p.
1201 4536 1305 4585 276
1327 4548 1436 4600 80.;
1473 4532 1620 4585 Acta
1656 4535 1833 4587 sanct.
1873 4535 2014 4602 sept.
2044 4535 2085 4587 t.
2113 4532 2219 4587 V11
2253 4552 2308 4603 p.
2339 4539 2463 4605 438,
2493 4541 2588 4604 563
2626 4541 2750 4605 4⁷0,
2780 4542 2840 4604 43
2879 4542 3002 4606 472,
3033 4542 3116 4591 10.

778 4612 829 4680 7)
866 4610 950 4663 De
987 4609 1095 4663 hac
1132 4626 1193 4664 re
1220 4609 1335 4663 iam
1361 4613 1512 4664 recte
1539 4610 1815 4666 iudicavit
1841 4612 2044 4681 Maury
2072 4613 2205 4670 Rev.
2236 4615 2387 4670 arch.
2417 4615 2494 4669 VI
2523 4618 2706 4686 (1849)
2734 4634 2787 4686 p.
2821 4623 2921 4671 161
2952 4617 3079 4671 adn.
3112 4622 3179 4671 87
3193 4638 3205 4670 2

589 4690 670 4755 „iz
718 4691 914 4757 paruit
957 4691 1167 4746 certain
1218 4707 1320 4761 que
1373 4695 1504 4746 cette
1550 4692 1755 4747 science
1802 4691 2063 4748 medicale
2112 4696 2278 4764 qu’on
2327 4696 2446 4750 leur
2493 4696 2807 4765 supposuit,
2850 4698 3066 4752 u’avait
3101 4714 3213 4766 pas
