3611 5264
1336 361 1420 414 De
1454 324 1822 414 incubatione
1861 359 2183 414 christiana.
2982 361 3064 424 73

641 522 976 609 Apparent
1035 529 1346 609 martyres
1407 524 1835 590 subridentes:
1897 526 2251 609 φαίνονται
2313 524 2489 613 αὐτῷ
2553 526 2756 590 πάλιν
2814 525 2991 609 μειδ
3005 550 3065 590 ι-

457 633 696 699 ὥντες
752 631 844 710 τῷ
903 624 1236 711 προσώπῳ
1295 621 1406 688 καὶ
1480 622 1793 707 λέγουσιν
1857 622 2033 711 αὐτῷ
2101 622 2175 688 ἐν
2233 623 2513 709 ὀπτασίᾳ
2575 628 2710 688 κτλ.
2780 624 2880 706 11,
2917 623 3065 687 372.

454 721 1081 805 ὑπομειδιῶντες
1144 720 1457 804 λέγουσιν
1525 721 1635 805 18,
1671 721 1822 785 440.
1905 720 2284 797 ἐπιστάντες
2341 729 2431 809 τῷ
2496 719 2694 807 ἀνδρὶ
2759 722 2830 786 οἰ
2886 722 3067 804 ἅγιοι

455 816 607 884 καθ’
655 818 874 884 ὕπνον
917 821 1380 903 μειδιῶντες
1424 820 1591 905 πρὸς
1634 818 1841 884 αὐτὸν
1875 817 1985 884 καὶ
2020 821 2100 884 τὰ
2136 821 2458 904 πρόσωπα
2497 820 2726 905 ἱλαρὰ
2762 820 3066 884 δεικνῦν-

452 940 557 993 τες
603 917 708 1000 23,
745 917 894 981 474.
971 916 1447 1002 ἐπιλαβομένης
1492 920 1726 983 τοίνυν
1775 914 1999 1002 ἑτέρας
2042 917 2284 993 νυκτὸς
2329 920 2686 1001 φαίνονται
2740 916 2909 1003 αὐτῇ
2947 968 2960 982 .
2991 916 3012 982 ’.
3052 969 3065 981 .

452 1016 916 1098 μειδιῶντες
960 1023 1051 1103 τῷ
1097 1016 1428 1102 προσώπῳ
1476 1015 1581 1098 27,
1618 1014 1767 1080 500.

641 1112 961 1178 Videntur
1014 1112 1218 1178 sancti
1280 1113 1398 1177 sub
1455 1112 1665 1197 specie
1720 1113 1952 1178 aliena:
2007 1113 2305 1198 „diversis
2357 1115 2428 1178 in
2481 1115 2718 1180 diverso
2771 1114 3070 1179 schemate

457 1213 550 1276 vel
592 1213 800 1294 fiywra
843 1212 1193 1293 semetipsos
1238 1232 1357 1293 per
1400 1212 1698 1276 visionem
1743 1214 2102 1277 ostendunff‘
2156 1210 2233 1275 A.
2273 1234 2321 1276 s.
2358 1236 2419 1295 p.
2456 1211 2606 1295 461,
2650 1211 2793 1276 185.
2884 1211 3068 1291 „Cos-

458 1329 596 1374 mas
623 1311 696 1373 in
721 1310 1137 1374 similitudine
1170 1307 1481 1374 Gaudiosi
1506 1311 1830 1376 cuiusdam
1855 1311 2143 1375 monachi
2159 1311 2467 1393 palliatus
2504 1312 2785 1375 adveniff‘
2813 1310 2897 1375 ib.
2922 1310 3067 1374 186.

458 1406 735 1472 Omnino
785 1410 965 1471 extra
1010 1406 1321 1491 templum
1370 1408 1644 1493 figuram
1692 1430 1873 1473 suam
1920 1412 2168 1472 mutare
2215 1408 2426 1473 solent
2473 1409 2666 1492 idque
2712 1408 2908 1493 ῦπαρ.
2991 1407 3069 1473 Ι11

457 1506 686 1570 itinere
742 1509 1051 1589 apparent
1105 1504 1244 1570 viro
1304 1506 1557 1571 cuidam
1604 1504 1678 1571 ἐν
1733 1508 2011 1591 σχήματι
2065 1513 2398 1593 κληρικῶν
2449 1507 2548 1590 18,
2586 1507 2746 1592 4263
2799 1507 2878 1571 cf.
2916 1505 3065 1571 432.

453 1602 958 1687 Nonnumquam
1004 1603 1166 1668 alter
1223 1605 1670 1669 tantummodo
1727 1608 2095 1669 sanctorum
2148 1605 2425 1670 videtur:
2481 1597 2557 1669 εἷ
2560 1629 2593 1681 ς
2646 1606 2880 1669 τοίνυν
2933 1615 3068 1669 τῶν

455 1701 580 1766 δύο
626 1704 1063 1787 θεραπόντων
1106 1711 1227 1767 τοῦ
1265 1707 1559 1788 Χριστοῦ
1606 1701 1680 1766 ἐν
1717 1706 1995 1788 σχήματι
2029 1704 2388 1789 περιχύτου
2426 1700 2662 1787 φανεὶς
2706 1700 2804 1784 (in
2838 1702 3066 1766 balneo

457 1797 701 1885 vicino)
738 1805 872 1864 κτλ.
917 1801 1015 1884 12,
1054 1801 1201 1866 388.
1247 1807 1493 1885 θεωρεῖ
1537 1798 1672 1865 ἕνα
1712 1811 1848 1866 τῶν
1883 1801 2096 1884 ἁγίων
2133 1800 2561 1888 ἐξερχόμενον
2596 1806 2729 1866 κτλ.
2777 1800 2881 1884 20,
2917 1800 3066 1865 458.

457 1900 600 1962 ἴδεν
643 1900 809 1964 κατὰ
855 1901 978 1982 τὴν
1025 1896 1345 1964 ἐνύπνιον
1385 1898 1546 1975 ὄψιν
1584 1900 1798 1985 ἄνδρα
1844 1900 1995 1964 τινὰ
2026 1951 2038 1964 .
2071 1951 2083 1964 .
2115 1950 2127 1964 .
2157 1899 2433 1984 ὀνόματι
2478 1902 2758 1983 Κοσμᾶν
2785 1899 2890 1983 21,
2917 1897 3066 1962 464.

455 1999 680 2079 ἔλεγεν
738 1995 774 2060 ὁ
830 1995 1074 2081 ὀφθεὶς
1128 1995 1295 2083 ἀνὴρ
1345 2048 1357 2062 .
1407 2047 1420 2061 .
1470 2048 1482 2060 .
1528 1994 1638 2061 καὶ
1692 2006 1900 2062 ταῦτα
1953 1994 2075 2082 μὲν
2129 1994 2286 2062 καθ’
2349 1996 2567 2063 ὕπνον
2613 1996 2697 2061 ib.
2735 1996 2884 2063 466.
2957 1999 3075 2061 καί

455 2118 606 2159 τινα
652 2091 1007 2180 ἑωρακέναι
1044 2093 1158 2180 (sc.
1197 2092 1475 2181 συνέβη)
1521 2105 1657 2160 τῶν
1702 2094 1914 2177 ἁγίων
1950 2096 2064 2161 διὰ
2097 2105 2213 2180 τῆς
2249 2097 2487 2172 νυκτὸς
2522 2093 2812 2161 θέλοντα
2847 2117 3068 2181 περιο-

456 2193 688 2257 δεῦσαι
725 2193 848 2276 τὴν
885 2192 1168 2279 γαστέρα
1204 2193 1412 2258 αὐτοῦ
1440 2193 1546 2275 23,
1572 2193 1722 2258 476.
1771 2191 2017 2278 συνέβη
2056 2195 2208 2259 τινὰ
2243 2196 2578 2278 πάσχοντα
2615 2195 2773 2269 τοὺς
2809 2193 3068 2277 ὀφθαλ-

454 2293 621 2373 μοὺς
667 2342 679 2354 .
730 2342 743 2355 .
792 2343 805 2355 .
855 2292 1026 2356 ἰδεῖν
1084 2288 1218 2355 κατ’
1287 2293 1452 2377 ὄναρ
1515 2290 1652 2356 ἕνα
1714 2302 1851 2357 τῶν
1915 2292 2126 2375 ἁγίων
2190 2289 2294 2375 25,
2331 2291 2480 2356 486.
2575 2289 2786 2356 Semel
2849 2295 3069 2355 sancta

454 2387 659 2473 Virgo
708 2410 855 2453 cum
901 2388 1291 2473 martyribus
1339 2411 1405 2453 se
1453 2389 1641 2454 offert
1688 2411 1923 2473 eosque
1980 2393 2315 2475 aegrotum
2362 2389 2661 2454 adiuvare
2707 2388 2913 2453 iubet:
2957 2386 3068 2454 καὶ

452 2492 700 2572 θεωρεῖ
755 2484 883 2573 (vir
937 2484 1225 2571 quidam)
1292 2488 1403 2551 διὰ
1466 2494 1583 2570 τῆς
1646 2489 1888 2564 νυκτὸς
1952 2486 2346 2573 ἐρχομένους
2409 2489 2576 2571 πρὸς
2643 2486 2849 2551 αὐτὸν
2912 2489 3068 2563 τοὺς

454 2585 876 2669 θεράποντας
920 2592 1041 2649 τοῦ
1090 2589 1383 2671 Χριστοῦ
1429 2587 1509 2649 Κ.
1548 2582 1658 2649 καὶ
1704 2590 1786 2650 Δ.
1825 2584 2030 2671 μέσον
2075 2588 2346 2671 ἔχοντας
2382 2587 2506 2670 τὴν
2540 2583 3070 2672 κεχαριτωμένην

455 2681 824 2768 Παρθένον
867 2680 979 2746 καὶ
1026 2681 1352 2765 λέγουσαν
1397 2683 1652 2759 αὐτοῖς·
1703 2681 1823 2768 ἰδέ,
1870 2679 2066 2761 οὗτός
2112 2682 2296 2750 ἐστιν
2332 2684 2368 2750 ὁ
2406 2695 2651 2751 νοσῶν·
2691 2685 3069 2769 βοηθήσατε

454 2779 631 2868 αὐτῷ
680 2781 793 2845 διὰ
837 2780 1077 2863 τάχους
1089 2776 1158 2866 ¹).

634 2876 951 2961 Martyres
999 2878 1099 2942 bis
1145 2882 1245 2943 ter
1290 2877 1495 2942 eidem
1540 2878 1790 2943 homini
1838 2884 2164 2964 apparent,
2211 2881 2266 2946 si
2311 2904 2443 2946 non
2499 2881 2871 2965 exsequitur
2906 2905 3068 2966 quae

453 2976 933 3060 imperaverint:
987 2977 1517 3063 προστάττουσιν
1570 2977 1696 3062 γὰρ
1756 2977 2006 3062 ταύτην
2061 2977 2397 3065 (Ἑβραῖαν
2444 3031 2456 3044 .
2505 3032 2517 3044 .
2567 2978 2609 3066 .)
2664 2990 2880 3065 κρεῶν
2933 3006 3070 3065 χοι-

454 3077 653 3156 ρείων
725 3077 1119 3159 μεταλαβεῖν
1196 3073 1281 3162 (v.
1329 3072 1548 3161 supra)
1610 3126 1623 3139 .
1686 3127 1699 3139 .
1762 3126 1774 3139 .
1838 3075 2044 3141 πάλιν
2104 3076 2183 3142 ἐκ
2246 3076 2626 3164 δευτέρου
2690 3076 3070 3155 ἐπιστάντες

462 3172 628 3257 αὐτῇ
678 3224 690 3236 .
741 3224 754 3237 .
803 3224 815 3237 .
870 3184 1007 3238 τῶν
1061 3173 1284 3238 αὐτῶν
1337 3183 1552 3259 κρεῶν
1607 3172 1816 3257 αὐτὴν
1868 3176 2394 3261 μεταλαμβάνειν
2452 3174 2758 3242 ἐκέλευον
2806 3228 2818 3241 .
2868 3229 2880 3241 .
2930 3229 2943 3240 .
2991 3177 3069 3242 ἐκ

454 3273 729 3354 τρίτου
793 3270 1177 3354 φθάσαντες
1239 3276 1373 3335 κτλ.
1434 3270 1503 3353 2,
1542 3271 1689 3336 316.
1770 3272 2162 3338 κελεύουσιν
2228 3277 2390 3358 μίαν
2456 3274 2696 3361 κράσιν
2763 3276 3070 3360 κεδραίας

455 3378 635 3432 πιεῖν
692 3419 705 3431 .
764 3418 776 3431 .
835 3419 847 3432 .
903 3369 1141 3433 πάλιν
1206 3367 1526 3452 φανέντες
1571 3370 1749 3458 αὐτῷ
1799 3421 1812 3434 .
1863 3422 1874 3435 .
1925 3422 1937 3435 .
2000 3370 2077 3436 ἐκ
2136 3375 2414 3459 τρίτου
2463 3371 2842 3449 ἐπιστάντες
2888 3372 3066 3461 αὐτῷ

459 3464 559 3548 11,
589 3464 737 3529 370.
812 3464 1144 3549 ὤφθησαν
1199 3467 1270 3531 oi
1316 3467 1725 3551 θεράποντες
1773 3520 1785 3532 .
1837 3519 1849 3532 .
1899 3519 1911 3532 .
1965 3470 2170 3535 πάλιν
2235 3469 2316 3534 ἐκ
2370 3469 2751 3556 δευτέρου
2818 3469 3068 3554 ὀφθέν-

453 3586 558 3639 τες
606 3614 618 3627 .
668 3613 682 3627 .
732 3614 744 3627 .
804 3561 883 3627 ἐκ
949 3566 1222 3648 τρίτου
1278 3559 1353 3628 δὲ
1408 3564 1585 3652 αὐτῷ
1642 3565 1969 3649 ὀφθέντες
2023 3567 2128 3650 24,
2156 3567 2289 3631 480
2304 3590 2396 3651 sq.
2489 3571 2846 3652 φαίνονται
2900 3568 3067 3654 αὐτῇ

454 3661 525 3725 οἱ
581 3661 859 3745 μεγάλοι
915 3660 1130 3747 ἰατροὶ
1197 3713 1209 3727 .
1268 3713 1280 3726 .
1339 3713 1351 3727 .
1413 3662 1793 3740 ἐπιστάντες
1847 3664 2012 3750 αὐτῇ
2070 3664 2149 3730 ἐκ
2210 3664 2588 3751 δευτέρου
2646 3675 2724 3751 τῇ
2790 3664 3066 3752 ἐπιούσῃ

453 3762 650 3824 νυκτί
690 3760 796 3842 27,
823 3757 972 3824 500.
1024 3758 1173 3824 504.

630 3854 905 3940 Accidit,
951 3861 1026 3922 ut
1073 3858 1324 3923 somnia
1370 3857 1613 3944 ἐναργῆ
1659 3859 1899 3924 frustra
1953 3864 2427 3943 exspectentur:
2484 3860 2730 3943 ὀλίγων
2785 3857 2859 3926 δὲ
2913 3860 3066 3946 ἡμε-

457 3964 597 4039 ρῶν
642 3954 1135 4039 διαγενομένων
1170 3954 1281 4022 καὶ
1308 3958 1628 4040 μηδεμιᾶς
1656 3956 2037 4034 ἐπιστασίας
2078 3958 2254 4046 αὐτῷ
2290 3958 2422 4023 ὑπὸ
2460 3968 2597 4022 τῶν
2632 3956 2844 4041 ἁγίων
2880 3983 3067 4042 γενο-

453 4049 654 4134 μένης
686 4051 741 4134 1,
754 4051 899 4117 306.
936 4056 1186 4144 χρόνου
1215 4052 1297 4119 δέ
1317 4076 1499 4129 τινος
1533 4059 2000 4142 παρφχηκότος
2034 4053 2144 4120 καὶ
2180 4065 2301 4122 τοῦ
2339 4057 2603 4132 πάθους
2639 4106 2654 4120 .
2695 4108 2707 4120 .
2747 4056 3068 4142 οὐδεμίαν

454 4145 776 4234 αἰτίανξὲ)
833 4147 1319 4233 ὁμολογοῦντος
1374 4150 1434 4234 3,
1473 4150 1620 4215 322.
1697 4152 1931 4218 ίκανοῦ
1988 4149 2061 4218 δὲ
2114 4157 2363 4239 χρόνου
2422 4153 2902 4239 διαγενομένου
2956 4153 3067 4220 καὶ

455 4244 892 4329 ἐπιμενούσης
937 4245 1010 4312 ἐν
1055 4248 1232 4336 αὐτῷ
1279 4258 1395 4333 τῆς
1440 4248 1792 4326 ἀσθενείας
1837 4250 1899 4334 4,
1936 4250 2085 4316 328.
2161 4251 2587 4338 ἐνδιατρίψας
2642 4248 2768 4318 οὗν
2821 4251 3067 4339 ἡμέρας

461 4343 691 4419 ἱκανὰς
752 4340 862 4408 καὶ
927 4353 1041 4427 τῆς
1100 4344 1267 4422 θέας
1328 4356 1466 4412 τῶν
1520 4345 1735 4429 ’ἁγίων
1798 4347 1880 4414 οὐ
1955 4350 2176 4433 τυχὼν
2248 4349 2618 4437 ἀναχωρεῖν
2686 4349 3061 4437 ἐβούλετοῗ)

634 4572 687 4642 1)
723 4571 769 4625 Ε
808 4573 929 4627 cod.
966 4571 1210 4628 Vindob.
1242 4573 1310 4629 cf.
1341 4576 1406 4629 A.
1437 4594 1478 4630 s.
1508 4594 1562 4645 p.
1593 4582 1716 4644 460,
1748 4582 1876 4647 1763
1913 4576 2178 4632 Reinoldi
2228 4577 2435 4634 Dehnii
2478 4582 2645 4634 notas
2694 4579 2766 4633 ad
2804 4578 2859 4633 C.
2902 4581 2959 4633 et
2995 4577 3060 4635 D,

454 4649 728 4705 miracula
765 4651 917 4722 apud
952 4651 1466 4723 Wangnereckium
1501 4674 1555 4725 p.
1588 4654 1837 4711 XXXIV.

632 4733 686 4803 2)
724 4731 1042 4804 ἐβουλεύετο
1078 4732 1245 4788 Vind.
