3611 5264
1264 335 1346 388 De
1383 336 1746 391 incubatione
1785 336 2109 393 christiana.
2916 340 3000 403 83

386 495 427 580 ἡ
473 498 872 581 παναλκὴς
917 499 1343 584 ἔμπλαστρος.
1435 497 1662 583 Itaque
1708 510 1828 566 τοῦ
1875 497 1995 585 μὲν
2058 502 2390 586 στομάχου
2446 503 2717 567 ἔλαιον
2761 496 2847 586 ἦν
2891 502 3002 568 καὶ

383 597 688 681 κηρωτὴ
745 598 819 661 τὸ
874 598 1280 683 καθάρσιον,
1336 599 1500 685 ἅπερ
1557 598 1777 665 αὐτῶν
1832 600 1955 683 τὴν
2022 600 2228 685 σορὸν
2284 649 2299 663 .
2359 649 2374 663 .
2431 649 2445 663 .
2500 602 3002 685 καταλάμπουσι

390 694 446 775 1,
476 693 649 758 3428
673 693 738 758 O.
786 692 937 781 (τὴν
984 694 1192 782 ἴασιν)
1248 700 1577 780 κομίζεται
1634 695 1855 783 (Galus
1903 695 2194 784 quidam)
2242 696 2474 783 ἐλαίῳ
2531 705 2621 785 τῷ
2676 706 2791 781 τῆς
2844 723 3002 765 καν-

386 791 590 875 δήλας
646 792 717 857 ἐκ
780 794 1280 879 προστάγματος
1334 794 1770 879 ἀλειφόμενος
1836 795 1904 879 3,
1941 794 2116 859 3429
2136 793 2215 858 D.
2277 794 2507 882 ἐλαίῳ
2572 798 2729 872 τοὺς
2791 798 3002 874 πόδας

386 889 688 974 ἀλείφειν
732 892 1202 976 προστάττεται
1247 901 1341 979 τῷ
1387 891 1557 977 φωτὶ
1604 901 1693 979 τῷ
1745 901 2109 981 νυκτερινῷ
2156 893 2277 975 τὴν
2325 893 2529 979 σορὸν
2575 893 2796 959 αὐτῶν
2850 919 3000 960 κατ-

386 990 738 1071 αυγάζοντι
789 989 845 1073 7,
875 989 1128 1055 34360.
1192 1001 1494 1077 κηρωτῇ
1532 989 1643 1056 καὶ
1681 994 2072 1076 συκαμίνοις
2120 989 2462 1069 ἐξιάσαντο
2493 988 2606 1077 (sc.
2636 991 3000 1077 mulierem)

390 1085 489 1168 10,
519 1085 693 1149 3449
714 1085 792 1151 D.
840 1086 1071 1175 ἐλαίῳ
1117 1086 1229 1153 καὶ
1274 1098 1582 1174 κηρωτῇ
1628 1100 1769 1166 τοῖς
1817 1090 1935 1154 τὸν
1980 1089 2244 1174 πυρσὸν
2286 1089 2407 1155 τὸν
2464 1089 2586 1171 τὴν
2640 1088 2839 1172 ἁγίαν
2886 1090 3001 1155 αὖ·

384 1194 517 1249 τῶν
574 1185 778 1269 σορὸν
834 1189 1201 1270 φωτίζοντα
1255 1184 1618 1272 τρέφουσιν
1673 1188 1791 1252 τὸν
1857 1188 2033 1252 πόδα
2095 1187 2215 1252 τὸν
2277 1188 2615 1271 πάσχοντα
2670 1191 3002 1253 λιπαίνειν

383 1283 774 1348 κελεύουσιν
818 1283 924 1368 22,
953 1282 1126 1348 3485
1151 1282 1215 1348 C.
1283 1284 1514 1372 ἐλαίῳ
1560 1286 1636 1350 τὸ
1685 1284 1933 1370 φέγγος
1978 1285 2336 1369 ἀκοίμητον
2382 1287 2560 1372 παρὰ
2614 1287 2734 1369 τὴν
2781 1286 3001 1351 αὐτῶν

386 1381 591 1465 σορὸν
636 1380 1079 1464 ἀπαυγάζοντι
1126 1381 1167 1466 ἢ
1214 1393 1518 1469 κηρωτῇ
1565 1393 1642 1469 τῇ
1688 1386 1852 1449 κατὰ
1898 1384 2109 1467 πάσης
2131 1373 2388 1469 ἐχούσῃ
2425 1386 2632 1449 νόσου
2678 1385 2751 1449 τὸ
2801 1384 3004 1448 δύνα-

386 1485 548 1543 σθαι
585 1478 887 1563 ἀλείφειν
920 1479 1043 1545 τὸν
1079 1481 1254 1545 πόδα
1287 1482 1678 1546 κελεύουσιν
1715 1479 1823 1567 50,
1851 1480 2025 1544 3609
2045 1480 2122 1544 D.
2170 1482 2377 1566 τυρὸν
2415 1490 2594 1568 αυτῷ
2628 1491 2858 1567 τρῖψαι
2889 1531 2902 1545 .
2933 1532 2945 1545 .
2986 1533 2999 1546 .

382 1574 493 1640 καὶ
538 1587 838 1664 κηρωτῇ
887 1577 1199 1663 συμμῖξαι
1248 1630 1260 1643 .
1311 1631 1323 1643 .
1373 1630 1385 1643 .
1442 1577 1870 1666 ἐπιτρέπουσι
1925 1580 2254 1665 μάρτυρες
2309 1577 2415 1663 51,
2443 1578 2699 1662 3613β6.
2754 1603 3000 1665 κηρω-

383 1681 515 1756 τῆς
579 1677 902 1762 φαρμάκῳ
967 1679 1412 1762 προσήνωσαν
1474 1676 1580 1761 53,
1616 1677 1789 1742 3621
1814 1677 1886 1742 Β.
1969 1685 2047 1763 τῇ
2111 1686 2226 1761 τῆς
2289 1685 2641 1761 κηρωτῆς
2705 1676 3002 1741 ἐπιθέσει

387 1770 739 1850 διώξαντες
785 1771 898 1860 (sc.
934 1774 1057 1856 τὴν
1102 1773 1476 1862 τύφλωσιν)
1535 1774 1639 1860 65,
1667 1775 1843 1839 3649
1863 1775 1936 1839 Β.
2011 1783 2125 1857 τῆς
2182 1776 2428 1850 οἰκείας
2482 1774 2703 1839 αὐτῶν
2756 1798 3002 1860 κηρω-

384 1877 519 1952 τῆς
564 1869 796 1958 ε’λαίῳ
843 1875 1162 1956 λυθείσης
1208 1882 1298 1960 τῷ
1337 1882 1451 1957 τῆς
1490 1872 1886 1958 ἐπιτυμβιόυ
1922 1873 2253 1955 κανδήλας
2290 1872 2512 1937 αὐτῶν
2549 1873 3003 1957 περιττεύοντι

386 1977 526 2043 τοῖς
590 1967 969 2054 ὀφθαλμοῖς
1033 1968 1281 2035 ἐνιέναι
1343 1972 1733 2038 κελεύουσιν
1802 1971 1913 2056 70,
1951 1968 2219 2035 3669Α.
2304 1970 2382 2034 cf.
2431 1969 2537 2053 36,
2573 1968 2751 2035 3560
2772 1968 3002 2057 C.D.¹)

392 2063 620 2149 Neque
665 2088 818 2131 vero
865 2066 992 2130 mel
1041 2068 1242 2133 deest:
1289 2069 1510 2133 Marus
1558 2069 1870 2154 quaedam
1916 2067 2132 2153 puella
2167 2068 2494 2132 vermibus
2539 2068 2792 2132 laborat
2838 2089 3002 2132 eam·

385 2185 509 2246 que
556 2164 766 2241 οῧτως
822 2166 887 2230 οἱ
941 2166 1268 2253 μάρτυρες
1321 2165 1578 2252 μέλιτι
1633 2175 1835 2256 ψιλῷ
1888 2168 2390 2254 θεραπεύουσιν
2440 2166 2542 2250 10,
2579 2165 2753 2231 3449
2774 2165 2861 2242 D;
2923 2164 3000 2230 ef.

386 2261 445 2347 6,
472 2262 648 2326 3436
669 2262 745 2327 Α.

562 2359 791 2426 Subito
840 2366 1151 2445 apparent
1196 2367 1509 2446 martyres
1519 2416 1537 2449 ‚
1591 2365 1659 2427 id
1713 2365 1886 2447 quod
1941 2364 2200 2447 proprie
2257 2362 2659 2447 significatur
2704 2361 2815 2424 illo
2864 2359 3001 2425 ἐπι-

385 2466 615 2543 στῆναι
664 2457 771 2546 (cf.
826 2483 888 2543 p.
931 2458 1043 2546 11)
1083 2462 1335 2544 saepius
1387 2461 1676 2525 adhibito
1725 2461 2142 2547 (ἐφίστανται
2191 2461 2249 2542 8,
2279 2459 2450 2523 3437
2471 2458 2561 2545 D3
2602 2459 2703 2543 18,
2731 2457 2906 2522 3476
2921 2457 2999 2522 D.

387 2554 749 2640 ἐπέστησαν
799 2557 858 2641 8,
888 2556 1058 2622 3437
1085 2555 1150 2622 C.
1234 2558 1614 2635 ἐπιστάντες
1661 2560 1721 2640 9,
1760 2557 1934 2623 3448
1955 2556 2042 2644 A3
2107 2556 2213 2642 25,
2241 2557 2415 2622 3496
2437 2555 2523 2643 A3
2589 2555 2694 2640 35,
2723 2554 2899 2620 3544
2918 2555 3000 2642 B3

386 2652 491 2737 69,
521 2653 690 2718 3661
715 2654 804 2740 D3
854 2655 957 2738 70,
985 2655 1158 2721 3668
1179 2655 1293 2744 Β),
1341 2657 1556 2722 subito
1605 2658 1798 2721 etiam
1846 2660 2251 2740 evanescunt,
2298 2656 2583 2720 avolant:
2628 2665 2836 2720 ταῦτα
2880 2708 2891 2720 .
2933 2707 2945 2720 .
2987 2707 2999 2719 .

385 2749 687 2830 λέξαντες
733 2752 1064 2837 ἀφανεῖς
1111 2754 1419 2840 ἀθρόως
1467 2754 1773 2837 ἐγένοντο
1826 2757 1927 2838 13,
1955 2752 2129 2817 3465
2149 2752 2226 2818 A.
2264 2753 2374 2819 καὶ
2412 2763 2617 2818 ταῦτα
2652 2750 2774 2838 μὲν
2813 2748 3002 2818 εἷπον

385 2849 456 2914 οἱ
502 2848 831 2937 μάρτυρες
893 2849 1003 2915 καὶ
1070 2854 1366 2929 εἰπόντες
1430 2851 1881 2936 ἀπέπτησαν
1937 2851 2050 2935 34,
2090 2850 2266 2915 3540
2283 2850 2358 2916 Β.
2451 2848 2560 2916 καὶ
2614 2859 2821 2916 ταῦτα
2879 2846 3001 2935 μὲν

384 2945 526 3012 κατ’
579 2949 743 3034 ὄναρ
792 2951 1087 3025 εἰπόντες
1133 2952 1199 3015 οἱ
1244 2950 1572 3037 μάρτυρες
1619 2952 1959 3033 ἕπτησαν
2006 2947 2111 3034 35,
2141 2947 2317 3014 3544
2338 2947 2403 3013 C.
2451 2951 2655 3014 πάλιν
2700 2949 2789 3025 ὡς
2835 2950 2999 3034 ὄναρ

384 3044 836 3130 ἀπέπτησαν
880 3047 987 3132 43,
1017 3046 1190 3112 3588
1213 3047 1290 3112 D.
2469 3114 2473 3118 .

561 3144 1067 3230 Nonnumquam
1112 3151 1427 3230 martyres
1473 3150 1785 3230 apparent
1830 3146 2153 3231 fulgentes
2202 3144 2310 3233 (cf.
2349 3168 2409 3229 p.
2453 3146 2535 3209 10
2556 3143 2705 3232 sq.):
2753 3146 3003 3231 ἄνδρας

385 3243 511 3326 γὰρ
559 3245 835 3325 ἔβλεπεν
881 3243 1223 3332 (Martyria
1260 3243 1604 3332 quaedam)
1643 3244 1714 3310 ἐκ
1749 3246 1978 3329 μόνων
2014 3255 2149 3310 τῶν
2191 3245 2467 3329 ἱματίων
2515 3244 3004 3328 ἀστράπτον-

384 3362 518 3415 τας
564 3340 669 3424 21,
698 3340 965 3406 3484Β.
1012 3343 1315 3427 χλαμύδα
1361 3353 1593 3428 φορῶν
1640 3341 2356 3428 ἀπαστράπτουσαν
2413 3342 2489 3405 de
2544 3339 2785 3406 Ioanne
2838 3363 3003 3405 mar-

385 3441 531 3521 tyre
570 3438 689 3501 sub
729 3440 939 3523 specie
965 3439 1143 3505 Petri
1170 3439 1591 3505 Alexandrini
1619 3440 2091 3525 praetoriorum
2139 3439 2397 3524 eparchi
2433 3440 2573 3504 viso
2606 3439 2709 3522 70,
2738 3438 2910 3504 3668
2934 3438 3002 3502 O.

385 3535 463 3600 cf.
521 3541 1083 3621 λευχειμονοῢσαν
1149 3537 1357 3622 ἁγίων
1421 3538 1750 3624 ὁμήγυριν
1817 3538 1916 3620 11,
1955 3535 2129 3601 3453
2148 3537 2221 3601 Β.
2288 3538 2365 3601 cf.
2405 3536 2509 3620 38,
2547 3534 2722 3600 3569
2741 3536 2824 3620 Β,
2900 3535 3001 3620 70,

389 3632 565 3698 3672
585 3633 662 3699 D.
735 3634 965 3719 Neque
1010 3636 1287 3719 ἠπιότης
1333 3636 1413 3700 iis
1462 3636 1641 3700 deest
1678 3632 1786 3722 (cf.
1824 3658 1886 3718 p.
1929 3635 2007 3698 11
2032 3632 2181 3721 sq.):
2229 3638 2588 3718 φαίνονται
2634 3635 3004 3718 μειδιῶν-

385 3755 508 3808 τες
569 3731 682 3797 καὶ
745 3737 1366 3820 προσπαίζοντες
1437 3735 1537 3818 12,
1575 3731 1850 3799 346οΑ.
1940 3732 2254 3817 Martyria
2316 3732 2491 3797 videt
2554 3735 2868 3815 martyres
2934 3732 3001 3793 in

385 3829 608 3894 eodem
683 3832 932 3896 somnio
1016 3830 1124 3919 (cf.
1182 3828 1404 3917 supra)
1468 3827 1859 3917 προσηνὲς
1921 3831 2358 3915 βλέποντας
2420 3827 2530 3895 καὶ
2603 3831 3002 3914 μειλίχιον

385 3927 490 4012 21,
520 3928 696 3992 3484
712 3929 785 3994 Β.
833 3932 1246 4015 μειδιάσας
1292 3930 1370 3994 de
1407 3929 1610 3994 altero
1657 3934 1938 4013 martyre
1977 3931 2081 4013 33,
2111 3928 2285 3993 3533
2305 3928 2383 3993 D.
2429 3928 2760 4014 μάρτυρες
2795 3949 3004 4012 παρα-

387 4025 656 4104 στάντες
680 4029 1084 4094 καθεύδοντι
1120 4050 1221 4115 πρ
1234 4029 1276 4094 ά
1287 4053 1338 4094 ω
1351 4052 1385 4104 ς
1412 4027 1581 4112 ὁμοῦ
1602 4026 1714 4092 καὶ
1743 4049 1842 4115 πρ
1855 4052 1891 4092 ο
1905 4044 1994 4111 ση
2005 4052 2048 4093 ν
2059 4037 2110 4091 ὤ
2125 4052 2157 4103 ς
2186 4025 2604 4109 διαλέγονται
2621 4025 2725 4109 39,
2737 4024 3002 4091 35721).

383 4229 503 4285 illic
538 4229 728 4285 erescit
763 4230 868 4284 olei
903 4230 1109 4300 liquore
1139 4231 1523 4301 perfieiwntur,
1559 4230 1645 4284 ita
1688 4235 1753 4284 ut
1797 4246 2194 4301 quacunque
2239 4229 2388 4299 quis
2434 4233 2745 4283 teneatur
2789 4228 2998 4295 infir-

383 4310 472 4364 mi
479 4314 642 4376 tate,
678 4327 801 4364 cum
837 4326 904 4364 ex
939 4325 999 4365 eo
1028 4318 1329 4380 per-anctus
1364 4312 1553 4378 fuerit,
1588 4312 1776 4365 statim
1810 4312 2055 4380 fuyiente
2090 4312 2216 4365 tabo
2243 4310 2671 4364 incolumitatem
2700 4310 3002 4377 pristinam

377 4395 696 4459 praestante
732 4391 976 4445 Domino
1019 4392 1253 4461 recipere
1289 4393 1518 4461 possiff‘.
1560 4422 1626 4430 -—
1665 4390 1729 4443 In
1776 4390 1907 4459 Cyri
1953 4389 2293 4458 Ioannisque
2340 4406 2500 4443 sacro
2549 4389 2737 4443 oleum
2783 4387 2927 4440 illud
2965 4402 2999 4438 a

384 4469 576 4524 multis
614 4487 823 4540 eorum,
861 4470 960 4539 qui
998 4471 1072 4524 ad
1109 4488 1361 4526 mensam
1398 4470 1754 4525 Dominicam
1789 4487 1903 4524 non
1941 4469 2313 4539 accedebant,
2358 4487 2458 4540 pro
2499 4484 2727 4539 corpore
2775 4470 2835 4521 et
2872 4482 2997 4519 san·

384 4550 555 4620 guine
591 4551 799 4605 Christi
837 4550 1179 4620 sumebatur,
1219 4551 1286 4606 cf.
1319 4557 1405 4621 36,
1434 4556 1574 4605 3553
1595 4550 1737 4623 BsC.

566 4634 616 4701 1)
653 4631 765 4686 Ubi
810 4631 965 4685 illius
1012 4632 1302 4700 lucernae,
1357 4648 1502 4700 quae
1556 4633 1687 4686 ante
1739 4629 2047 4685 Salvatoris
2101 4630 2348 4701 effigiem
2398 4629 2459 4683 in
2512 4625 2817 4697 Tetrapylo
2868 4625 3000 4679 Ale·

383 4711 658 4766 xandrino
696 4712 885 4785 andet,
924 4711 1225 4767 adhibetur
1260 4712 1463 4769 oleum.

2499 4801 2568 4853 3..
