3611 5264
599 340 724 403 128
1763 338 2042 393 Laudatio
2811 342 2893 405 15,
2915 343 3110 405 6—17‚
3135 344 3199 393 11

595 503 768 569 οὕτω
815 526 885 568 τε
928 504 1183 588 πλήρης
1228 502 1302 567 τὸ
1351 513 1536 587 σῶμα
1582 502 1693 568 καὶ
1741 504 1966 587 ἄρτιος
2012 504 2288 586 γίνεται,
2408 502 2574 567 ὥστε
2624 506 3018 586 Θεοφανίων
3065 502 3207 567 ἐπι-

594 600 917 685 κειμένων
964 602 1159 684 ἄμφω
1207 600 1298 664 τὼ
1345 611 1521 684 χεῖρε
1566 611 1781 665 κινεῖν
1825 601 1991 685 πρὸς
2037 601 2219 685 ἔργα·
2268 601 2391 683 τήν
2437 623 2506 664 τε
2549 601 2676 683 γὰρ
2723 602 3207 685 κολυμβήθραν

591 702 797 784 μόνος
842 698 1310 783 ἀνεπλήρωσεν
1355 697 1617 781 ὕδατος,
1762 703 1972 783 αἴρων
2017 698 2091 761 τὸ
2139 699 2341 780 ἄγγος
2387 706 2465 782 τῇ
2511 696 2927 783 τεθλασμένῃ
2972 698 3207 783 πρώην

590 795 762 883 χειρὶ
808 795 918 861 καὶ
962 797 1128 881 πρὸς
1167 796 1387 880 ὤμους
1424 793 1872 881 εὐμαρέστατα
1917 798 2071 860 λίαν
2115 795 2477 879 ἀναβιβῶν,
2523 797 2646 878 τήν
2689 818 2760 860 τε
2806 797 3016 878 ἄλλην
3060 795 3206 859 δια-

520 918 574 958 ιο
593 898 828 959 κονίαν
876 893 1219 980 εὐρώστως
1264 893 1687 977 ποιούμενος·
1818 892 2029 970 οὕτως
2067 887 2207 957 οἶδε
2249 892 2415 967 Θεὸς
2456 888 2907 957 ἀναπλάσσειν
2950 889 3062 955 καὶ
3109 894 3207 968 εἰς

595 993 870 1078 φθορὰν
913 990 1329 1075 καταχθέντα
1374 992 1454 1055 τὰ
1501 991 1783 1074 σώματα.

505 1109 581 1164 16
772 1097 992 1185 ἕτερός
1019 1121 1120 1174 τις
1147 1096 1465 1184 δέκαρχος
1494 1096 1568 1162 ἐν
1604 1106 2053 1186 στρατιωτικῷ
2089 1097 2366 1181 τάγματι
2404 1095 2899 1182 ἀριθμούμενος
3024 1093 3205 1182 (ὄνο-

591 1220 682 1281 μα
710 1194 785 1260 δὲ
815 1195 1027 1283 τούτῳ
1060 1195 1390 1280 Γεώργιος
1410 1190 1580 1282 [ἧν])
1664 1197 1759 1271 εἰς
1786 1196 1868 1260 τὰ
1896 1195 2104 1260 ὀπίσω
2127 1196 2247 1278 τὴν
2273 1195 2571 1278 κεφαλὴν
2598 1192 3151 1280 ἀντανέστραπτο,

594 1292 659 1372 ἐξ
709 1292 1013 1369 ἐναντίας
1057 1316 1239 1369 τινος
1287 1292 1630 1368 ἐπιπνοίας
1666 1303 1801 1357 τῶν
1836 1291 2048 1376 ἠνίων
2083 1290 2597 1378 ὑπερταθέντων
2630 1315 2701 1356 τε
2735 1290 2847 1356 καὶ
2884 1291 3204 1376 ἀπεσκλη-

588 1392 807 1455 κότων
852 1391 1031 1478 αὐτῷ
1075 1388 1187 1454 καὶ
1232 1398 1353 1455 τοῦ
1399 1388 1724 1466 τένοντος.
1845 1390 1954 1474 [οὐ
1999 1392 2210 1475 μόνον
2255 1387 2328 1454 δὲ
2376 1389 2543 1455 ἀλλὰ
2588 1391 2717 1476 γὰρ
2763 1386 2876 1455 καὶ
2921 1390 3041 1454 τὸν
3084 1388 3203 1454 ἕνα

544 1511 570 1551 5
589 1488 949 1572 ὀφθαλμὸν
1012 1486 1398 1572 ἀπηλπίσθη
1454 1490 1776 1571 γενναίως
1839 1497 2083 1553 τοῦτον
2143 1487 2457 1572 βλαβείς]
2522 1481 2718 1563 οὗτος
2773 1486 3204 1552 ἑπτακαίδεκα

586 1584 833 1671 ἡμέρας
880 1584 1174 1651 ἐτέλεσεν
1326 1587 1415 1669 μὴ
1461 1583 1782 1668 δυνηθεὶς
1837 1586 2205 1670 βρωμάτων
2251 1584 2291 1669 ἢ
2336 1583 2449 1650 καὶ
2502 1593 2711 1650 ποτοῦ
2757 1583 3199 1668 μετασχέσθαι

590 1683 665 1748 τὸ
722 1684 1030 1749 σύνολον.
1192 1682 1475 1769 ὕστερον
1533 1683 1608 1747 τὸ
1669 1692 1989 1747 συνοῖσον
2049 1683 2453 1767 σκεψάμενος
2599 1693 2801 1767 χωρεῖ
2856 1682 3023 1768 πρὸς
3080 1682 3203 1746 τὸν

589 1781 805 1863 ἅγιον,
922 1779 1032 1845 καὶ
1077 1769 1486 1864 παραμείνας
1529 1778 1775 1866 ἡμέρας
1812 1780 1998 1855 τινὰς
2042 1781 2329 1863 ἤκουσεν
2375 1778 2582 1844 αὐτοῦ
2628 1778 2887 1867 ἀοράτῳ
2937 1779 3200 1865 γλώσσῃ

585 1878 744 1942 τάδε
788 1879 1203 1953 κελεύοντος·
1294 1877 1425 1942 ὑπὸ
1473 1885 1595 1941 τοῦ
1639 1879 2018 1963 πρόσμονός
2063 1901 2214 1962 μου,
2262 1880 2489 1961 φησίν,
2537 1875 2733 1964 ἐλαίῳ
2779 1876 3155 1960 ἀλείφθητι.

514 2001 568 2041 ιο
586 1984 784 2039 τοῦτο
832 1974 1111 2058 ἐγένετο,
1245 1973 1357 2040 καὶ
1404 1973 1440 2039 ὁ
1488 1974 1656 2061 ἀνὴρ
1705 1975 1915 2051 εὐθὺς
1958 1974 2153 2059 ὑγιὴς
2197 1974 2630 2060 ἀνεχώρησεν.

765 2082 964 2156 ἄλλος
1007 2082 1384 2166 παράλυτος
1559 2083 1906 2168 Θεόδωρος
1960 2082 2520 2167 ἐπονομαζόμενος
2681 2078 2820 2168 (καὶ
2867 2081 2993 2166 γὰρ
3041 2077 3201 2147 οὐδὲ

584 2188 722 2243 τῶν
768 2178 1117 2263 ὀνομάτων
1162 2177 1570 2263 ἀμνημονεῖν
1617 2178 1829 2244 ἐθέλω
1875 2189 1953 2265 τῇ
2000 2179 2361 2263 ἀναμνήσει
2407 2176 2835 2266 τερπόμενος)
3014 2202 3200 2244 κατε-

584 2274 749 2359 τέθη
798 2275 1042 2341 ἐνθάδε
1088 2275 1332 2363 ἡμέρας
1376 2278 1753 2361 τριάκοντα,
1923 2275 2032 2341 καὶ
2080 2278 2162 2360 δὴ
2208 2282 2454 2363 θεωρεῖ
2507 2278 2624 2341 τὸν
2677 2278 3200 2363 θαυματουργὸν

590 2373 977 2439 ἐπιδιδόντα
1025 2376 1239 2457 δῆθεν
1285 2373 1464 2461 αὐτῷ
1509 2376 1714 2459 ἄρτον
1750 2397 1821 2439 τε
1856 2373 1967 2439 καὶ
2002 2379 2245 2460 πλῆρες
2283 2373 2574 2460 ἀκράτου
2610 2375 2946 2461 ποτήριον.
3041 2373 3199 2439 ἀνα-

513 2495 564 2536 15
584 2473 870 2547 καθίσας
921 2468 995 2536 δὲ
1041 2473 1115 2536 τὸ
1164 2473 1387 2537 δοκεῖν
1432 2473 1600 2558 πρὸς
1645 2472 1719 2536 τὸ
1769 2471 2086 2551 δέξασθαι
2254 2470 2394 2537 κατ’
2449 2471 2652 2554 αὐτῆς
2697 2471 3110 2556 ἀνεπήδησεν

586 2567 690 2652 [ἐν
738 2568 1022 2656 ἀληθείᾳ
1069 2569 1426 2646 διαναστὰς
1479 2571 1736 2656 κράζων
1778 2569 1890 2636 καὶ
1937 2572 2145 2636 αἰνῶν
2200 2570 2317 2636 τὸν
2376 2568 2594 2653 Θεόν].
2650 2569 2741 2647 ὡς
2793 2567 3019 2654 ταχεῖά
3073 2585 3198 2635 σου

581 2667 786 2753 πάτερ
858 2668 1182 2754 Θεράπων
1236 2668 1276 2751 ἡ
1337 2674 1529 2752 ἴασις,
1691 2671 1807 2733 καί
1861 2683 1986 2733 σου
2043 2678 2122 2754 τῇ
2183 2667 2474 2754 εὐφημίᾳ
2533 2669 2925 2752 συνήδομαι,
3086 2665 3197 2731 καὶ

582 2759 786 2841 αὖθις
833 2767 999 2852 πρὸς
1046 2767 1208 2831 ἄλλο
1254 2773 1486 2851 θαῦμα
1531 2768 1922 2853 προβαίνειν
1968 2765 2249 2850 ἐφίεμαι.

495 2885 566 2939 17
768 2874 999 2957 κόριόν
1043 2896 1106 2937 τι
1154 2875 1594 2959 σμικρότατον
1682 2870 2108 2959 προσηνέχθη
2153 2880 2246 2960 τῷ
2290 2875 2458 2959 θείῳ
2510 2872 2898 2958 Θεράποντι.
2996 2880 3196 2937 τοῦτο

587 2965 661 3033 δὲ
718 2970 989 3054 σφάλμα
1046 2971 1309 3054 φύσεως
1362 2966 1447 3054 ἧν
1502 2971 1661 3056 ὅπερ
1725 2970 1835 3035 καὶ
1889 2971 2055 3056 πρὸς
2109 2972 2231 3054 τὴν
2287 2969 2491 3056 ἕδραν
2550 2965 2681 3054 εἶχε
2743 2972 2858 3046 τὰς
2911 2968 3198 3056 πτέρνας

585 3066 1033 3150 ἐμπεπηγυίας
1077 3066 1187 3133 καὶ
1235 3069 1453 3155 ὥσπερ
1499 3071 1702 3154 κόλλῃ
1749 3067 1884 3134 τινὶ
1932 3071 2436 3153 συμπεφυκυιάς
2482 3071 2716 3152 βιαίως
2750 3066 2860 3132 καὶ
2908 3069 3196 3133 συνδου-

583 3161 784 3247 μένας
830 3163 1048 3249 ὥσπερ
1098 3164 1169 3229 ἐκ
1216 3167 1498 3249 φύσεως,
1632 3164 1852 3249 θέαμα
1899 3168 2107 3242 ὄντως
2152 3166 2442 3231 ἐλεεινὸν
2487 3164 2596 3230 καὶ
2643 3164 2834 3243 ξένον
2871 3175 2987 3250 τῆς
3029 3163 3185 3229 καθ’

535 3259 749 3345 εὴμᾶς
795 3262 1189 3346 οὐσιώσεως,
1325 3262 1483 3348 ὅπερ
1532 3264 1704 3338 εἰκὸς
1758 3263 2265 3347 ἀμβλωθρίδιον
2407 3262 2448 3347 ἢ
2495 3263 2841 3350 τεράστιόν
2884 3286 2984 3339 τις
3030 3263 3195 3327 ὠνό-

578 3373 805 3442 μασεν.
983 3359 1151 3425 ἀλλὰ
1196 3360 1318 3443 τὴν
1372 3364 1742 3447 θεραπείαν
1804 3361 1978 3437 ὅπως
2047 3359 2317 3447 ἑτοίμως
2372 3361 2408 3426 ὁ
2462 3359 2664 3445 μέγας
2726 3359 2837 3425 καὶ
2893 3359 3187 3444 ἀψευδὴς

579 3457 960 3540 εἰσήνεγκεν
1007 3458 1227 3544 ἰατρὸς
1255 3462 1326 3523 τί
1357 3460 1460 3524 δεῖ
1493 3457 1605 3523 καὶ
1641 3456 2083 3550 προφέρεθαι,
2233 3460 2564 3544 παρόντος
2599 3466 2718 3522 τοῦ
2757 3456 3049 3545 βρέφους
3085 3457 3195 3523 καὶ

579 3565 714 3619 τῶν
760 3553 1018 3639 γονέων
1065 3555 1526 3641 ἐξηγουμένων
1571 3557 1694 3640 τὴν
1743 3562 1944 3621 ἴασιν.

760 3660 897 3727 κατ’
938 3662 1149 3728 ἐκεῖνο
1180 3660 1253 3728 δὲ
1290 3672 1410 3729 τοῦ
1448 3672 1685 3750 καιροῦ
1723 3664 2042 3749 καρκίνον
2079 3659 2253 3748 εἶχεν
2300 3660 2486 3749 ἑτέρα
2523 3666 2759 3749 Μαρία
2805 3666 2879 3729 τὸ
2909 3665 3138 3748 ὄνομα,

516 3784 569 3823 10
587 3758 697 3824 καὶ
756 3761 876 3824 τὸν
934 3760 1285 3847 εὐκτήριον
1351 3770 1590 3826 τοῦτον
1656 3762 2169 3847 καταδραμοῦσα
2235 3760 2409 3826 νεὼν
2474 3759 2669 3847 ἀπρὶξ
2734 3767 2941 3845 εἴχετο
3005 3761 3194 3847 μέχρι

579 3868 807 3942 τυχεῖν
851 3867 966 3943 τῆς
1014 3859 1265 3935 ἰάσεως.
1409 3859 1901 3944 τεσσαράκοντα
1948 3856 2021 3924 δὲ
2066 3857 2311 3944 ἡμέρας
2358 3859 2430 3924 έν
2476 3862 2747 3944 νηστείᾳ
2798 3856 2910 3924 καὶ
2962 3882 3196 3943 χαμευ-

756 4154 788 4202 8
826 4148 1133 4219 ἀνέπλησεν
1168 4149 1229 4203 Μ
1260 4151 1269 4220 Ι
1299 4144 1651 4220 τεθλαμμένη
1688 4148 1748 4203 Μ
1802 4146 2159 4224 τεθραμμένη
2196 4151 2246 4204 A
2279 4153 2287 4220 Ι
2319 4151 2515 4220 πρώην
2552 4167 2657 4205 om.
2697 4149 2758 4203 M
2799 4151 2807 4219 Ι
2849 4155 2880 4202 9
2921 4149 3191 4219 εὐμαρεύ-

576 4247 715 4282 τατα
735 4227 785 4280 A
816 4231 824 4297 Ι
859 4233 926 4282 10
963 4229 1110 4300 ἄγαν
1145 4232 1277 4300 post
1313 4229 1594 4298 εὐρώστως
1630 4231 1759 4284 add.
1780 4231 1840 4283 M
1867 4235 1886 4300 ΙΙ
1917 4236 1999 4300 16,
2019 4237 2054 4285 4
2082 4241 2193 4287 τῶν
2223 4229 2538 4301 ὅφθαλμῶν
2564 4231 2623 4283 Μ
2656 4234 2664 4301 Ι
2698 4235 2730 4283 5
2751 4229 3088 4300 ἀπελνπήθη
3108 4230 3188 4303 ΑΙ

580 4315 646 4364 12
685 4308 953 4378 ἀμνήμων
989 4308 1137 4364 ἐῖναι
1172 4308 1320 4364 θέλω
1353 4311 1412 4363 Μ
1462 4313 1471 4378 Ι
1506 4308 1735 4380 ’κατέθη
1776 4311 1827 4364 Α
1876 4313 1884 4381 Ι
1938 4316 2003 4364 13
2035 4310 2199 4381 ἅγιον
2239 4311 2613 4380 ϊέρομάρτυρα
2638 4313 2768 4380 post
2793 4311 2893 4366 τὸν
2929 4309 3058 4364 add.
3097 4310 3190 4383 M}

576 4389 906 4459 θεράποντα
940 4391 1072 4459 post
1106 4393 1351 4459 θαυματ.
1392 4390 1521 4445 add.
1558 4391 1619 4444 M
1649 4394 1658 4460 Ι
1693 4396 1760 4465 145
1797 4390 2163 4446 ἐπιδιδοῦντα
2199 4391 2258 4443 Μ
2290 4394 2298 4460 Ι
2330 4392 2428 4445 καὶ
2466 4408 2571 4446 om.
2611 4391 2670 4443 M
2702 4393 2710 4460 Ι
2745 4397 2811 4444 16
2839 4388 3067 4461 ταχίστη
3095 4388 3155 4443 M
3183 4391 3191 4463 Ι

580 4475 644 4524 17
682 4468 942 4538 θεράπον
978 4469 1036 4522 Μ
1063 4472 1083 4539 ΙΙ
1112 4474 1195 4537 17,
1226 4475 1254 4522 1
1294 4470 1448 4525 πάνυ
1483 4473 1615 4540 posia
1652 4487 1829 4540 σμικρ.
1870 4471 1999 4525 add.
2029 4472 2088 4524 M
2120 4474 2128 4539 Ι
2158 4471 2335 4543 τούτῳ
2373 4471 2423 4524 Α
2455 4474 2462 4540 Ι
2496 4477 2528 4525 3
2566 4490 2677 4526 τινι
2722 4468 2887 4540 κόλλη
2925 4470 2984 4523 Μ
3016 4473 3024 4540 Ι
3057 4487 3195 4539 συμ-

577 4559 898 4619 πεφυκυῖαν
917 4549 967 4602 A
999 4551 1007 4619 Ι
1041 4547 1264 4611 4ὄντως
1288 4553 1419 4605 ante
1447 4548 1735 4620 ὠνόμασεν
1754 4550 1804 4604 Α
1837 4555 1845 4620 Ι
1879 4557 1911 4605 5
1930 4550 2195 4620 τέραστης
2212 4550 2262 4603 A
2295 4555 2304 4621 Ι
2337 4557 2368 4605 6
2391 4550 2618 4620 ἑτοίμως
2637 4569 2743 4605 om.
2767 4551 2817 4604 A
2849 4554 2857 4621 Ι
2893 4557 2921 4604 7
2943 4551 3015 4620 δὴ
3035 4550 3158 4603 AM
3182 4543 3190 4616 Ι

576 4629 999 4699 προσφέρεσθαι
1035 4629 1085 4682 A
1117 4633 1125 4700 Ι
1159 4635 1191 4683 9
1221 4627 1413 4702 ἐκείνῳ
1452 4673 1463 4684 .
1505 4674 1516 4685 .
1554 4635 1630 4703 τῷ
1667 4636 1845 4704 καιρῷ
1873 4631 1924 4686 Α
1979 4628 2198 4686 εκείνου
2237 4677 2247 4686 .
2285 4674 2297 4687 .
2326 4640 2425 4687 τοῦ
2455 4640 2654 4701 καιροῦ
2691 4632 2750 4684 Μ
2799 4648 2935 4686 corr.
2975 4631 3194 4686 Rader-

576 4709 802 4765 macher
833 4712 842 4782 Ι
877 4716 937 4763 11
979 4727 1071 4765 τεσ
1105 4708 1331 4764 litterae
1369 4710 1573 4765 desunt
1606 4709 1667 4765 in
1703 4713 1762 4764 M
