3611 5264
600 375 725 438 122
1738 372 2015 427 Laudatio
2845 378 2895 440 3,
2918 378 3110 441 13—4‚
3133 379 3207 427 20

594 538 865 622 αἵματος
910 536 1095 613 τέλος
1143 539 1376 622 ἱδρῶσι
1421 535 1531 602 καὶ
1576 539 1809 613 πόνοις
1855 535 2243 622 ἐγκαρτερεῖ.
2298 536 2611 601 κάκεῖθεν
2673 544 3032 621 στομοῦται
3078 534 3205 622 μὲν

595 636 670 700 τὸ
718 646 903 719 σῶμα
948 635 1112 721 πρὸς
1158 635 1450 717 δύναμιν
1496 636 1805 720 ἄρρητον,
1969 637 2186 711 θείοις
2232 630 2307 698 δὲ
2351 632 2659 720 τρέφεται
2812 635 2934 718 τὴν
2977 636 3205 719 ψυχὴν

527 758 577 799 15
596 734 1044 817 θεωρήμασιν,
1178 730 1288 796 καὶ
1335 733 1494 817 μετὰ
1539 733 1659 797 τὸν
1705 726 1923 797 ἆθλον
1970 732 2176 797 αὐτοῦ
2225 734 2319 808 εἰς
2363 732 2694 817 οὐρανοὺς
2739 730 3161 817 ἀναφέρεται,

595 841 736 906 τοῖς
780 840 914 894 τῶν
960 829 1327 914 ἀσωμάτων
1372 829 1614 895 αὐτόθι
1660 842 1887 915 χοροῖς
1932 829 2441 915 ἀριθμούμενος.

543 941 580 996 4
781 925 982 1011 βαβαὶ
1029 937 1144 1010 τῆς
1192 928 1567 1013 ἱερουργίας
1612 925 1721 991 καὶ
1768 936 2086 1011 μυστικῆς
2129 925 2549 1004 τελειώσεως·
2707 927 2788 991 οὐ
2834 927 3207 1010 λιβανωτὸν

600 1025 886 1091 ἀποθύει
933 1023 1044 1090 καὶ
1090 1037 1231 1101 τοῖς
1277 1024 1528 1104 ἔξωθεν
1572 1028 2151 1111 περιρραντηρίοις
2196 1024 2547 1108 ἀγνίζεται,
2672 1022 2813 1089 ἀλλ’
2861 1024 3019 1090 ὅλον
3056 1022 3207 1089 ἑαυ-

609 1126 727 1189 τὸν
774 1124 1080 1210 φυράσας
1126 1128 1420 1206 Χριστοῦ
1466 1130 1587 1188 τοῦ
1637 1126 1812 1188 Θεοῦ
1859 1147 1990 1208 μου
2036 1133 2175 1198 τοῖς
2220 1124 2449 1207 αἵμασι
2565 1121 2676 1187 καὶ
2731 1123 2991 1198 τούτοις
3044 1122 3206 1188 ἀνα-

599 1221 874 1307 τραφεὶς
919 1223 1084 1308 πρὸς
1127 1223 1578 1306 πνευματικὴν
1623 1221 2055 1307 ἀνδρειότητα
2235 1221 2393 1286 ὅλον
2441 1217 2679 1285 ἑαυτὸν
2736 1219 2962 1305 ἐκείνῳ
3006 1243 3205 1285 κατα-

551 1345 577 1385 5
594 1322 753 1385 θύει
797 1318 907 1384 καὶ
955 1318 1323 1401 σπένδεται,
1458 1329 1599 1396 τοῖς
1635 1317 1876 1383 ἑαυτοῦ
1919 1315 2030 1382 καὶ
2069 1321 2362 1403 Χριστοῦ
2408 1318 2862 1401 τελειούμενος
2906 1318 3152 1401 αἵμασι.

594 1425 833 1503 θαρρῶ
883 1418 1009 1503 γὰρ
1062 1418 1271 1482 εἰπεῖν
1318 1417 1419 1482 ὅτι
1463 1415 1573 1481 καὶ
1620 1422 1914 1501 Χριστοῦ
1963 1417 2041 1480 τὰ
2086 1426 2220 1480 τῶν
2265 1415 2473 1480 αὐτοῦ
2529 1416 2886 1500 μαρτύρων
2940 1416 3210 1498 σώματά

593 1538 663 1580 τε
709 1512 819 1578 καὶ
865 1515 1125 1599 αἵματα,
1225 1514 1326 1579 ὅτι
1373 1511 1482 1579 καὶ
1528 1514 1688 1599 μέλη
1736 1519 2028 1598 Χριστοῦ
2074 1511 2183 1578 καὶ
2230 1513 2474 1577 εὐωδία
2519 1515 2874 1596 γεγόνασιν
2972 1512 3207 1596 [ταῦτα

593 1610 715 1697 μὲν
762 1605 898 1677 ὧδέ
936 1634 1077 1688 πως
1124 1607 1297 1696 εἶχεν
1342 1610 1452 1676 καὶ
1492 1613 1681 1698 ἰερῶς
1727 1610 2151 1695 ἐκτετέλεστο,
2241 1614 2344 1688 τίς
2381 1608 2454 1675 δὲ
2500 1609 2542 1693 ἡ
2596 1619 2715 1676 τοῦ
2751 1610 2951 1694 ’Ἀβελ
2995 1612 3207 1675 θυσία

593 1709 703 1776 καὶ
751 1715 908 1775 Νῶε
956 1707 1062 1775 καὶ
1112 1720 1247 1774 τῶν
1297 1710 1874 1796 ἱερουργησάντων
1919 1710 2120 1775 πάλαι
2167 1711 2444 1775 δικαίων
2488 1707 2598 1773 καὶ
2647 1709 2758 1773 διὰ
2795 1717 2995 1774 τοῦτο
3059 1711 3208 1795 Θεῷ

526 1835 575 1874 ιο
593 1806 1038 1892 τετιμημένων
1114 1806 1538 1891 ἀνάγραπτόν
1599 1831 1669 1873 τε
1729 1808 1854 1891 τὴν
1915 1809 2181 1891 μνήμην
2246 1806 2616 1892 ἐσχηκότων
2680 1814 2799 1871 τοῦ
2866 1807 3210 1891 κατορθῶ-

598 1929 826 1989 ματος;
974 1904 1096 1989 οὐχ
1144 1905 1179 1970 ὁ
1225 1902 1349 1989 μὲν
1394 1908 1564 1991 ἄρνα
1609 1908 2053 1991 πρωτότοκον,
2206 1904 2241 1969 ὁ
2290 1900 2363 1968 δὲ
2408 1902 2517 1969 καὶ
2566 1909 2634 1969 εἴ
2669 1927 2734 1969 τι
2780 1903 2983 1969 πλέον
3029 1903 3209 1986 ὅμως

596 2005 844 2085 ἄλογον
872 2002 1083 2087 φύσιν
1110 2006 1580 2088 προσήνεγκεν,
1679 2001 1790 2067 καὶ
1837 2005 2036 2080 ἄλλος
2080 2005 2243 2068 ἄλλο
2281 2026 2343 2067 τι
2389 2000 2545 2086 παρ’
2606 1999 2848 2067 ἑαυτοῦ
2902 2000 3210 2088 έφευρῶν

602 2098 952 2182 ἀξιόλογον
1086 2100 1252 2184 πρὸς
1296 2100 1370 2165 τὸ
1419 2102 1847 2185 οἰκειωθῆναι
1901 2104 2042 2188 Θεῷ
2090 2099 2511 2183 ἀνεκόμισεν;
2655 2101 2712 2164 εἰ
2759 2095 2833 2164 δὲ
2878 2101 3207 2165 τοσοῦτόν

602 2197 738 2261 ἐστι
785 2206 901 2281 τῆς
943 2198 1137 2274 θείας
1182 2200 1695 2283 φιλανθρωπίας
1740 2199 1816 2263 τὸ
1862 2200 2158 2283 ἄπειρον,
2286 2198 2453 2262 ὥστε
2496 2194 2605 2262 καὶ
2643 2199 2800 2273 τοὺς
2835 2198 3037 2283 μικρὰ
3073 2209 3208 2263 τῶν

531 2321 582 2361 15
611 2294 862 2372 ἑξωθεν
908 2292 1234 2379 φέροντας
1279 2297 1746 2374 εἰσοικίζεσθαι
1924 2293 2034 2360 καὶ
2080 2293 2497 2381 θεράποντας
2545 2295 2761 2371 ἰδίους
2806 2292 2917 2360 καὶ
2962 2297 3209 2379 φίλους

593 2392 956 2458 ἀποκαλεῖν
1019 2395 1176 2469 τοὺς
1231 2389 1431 2458 οὐδὲν
1494 2393 1673 2459 ἰδιον
1737 2392 1778 2477 ἢ
1842 2393 1922 2457 τὰ
1969 2390 2259 2458 δοθέντα
2312 2393 2491 2478 παρὰ
2551 2396 2726 2457 Θεοῦ
2774 2392 2982 2457 πάλιν
3027 2393 3206 2479 αὐτῷ

600 2490 1083 2575 ἀναφέροντας·
1217 2493 1403 2568 τίνας
1448 2489 1571 2555 οὐκ
1616 2491 1702 2555 ἀν
1745 2489 2102 2574 καλέσειεν,
2236 2500 2374 2566 πῶς
2420 2486 2494 2555 δὲ
2540 2489 2662 2555 οὐκ
2709 2490 2794 2555 ἂν
2837 2490 3208 2576 προσλάβοι

593 2613 664 2656 τε
763 2586 874 2654 καὶ
904 2589 1313 2656 οἰκειώσαιτο
1418 2591 1577 2665 τοὺς
1614 2585 1816 2654 οὐδὲν
1854 2589 2019 2656 ἄλλο
2066 2598 2200 2654 τῶν
2245 2580 2374 2653 ὧδε
2419 2590 2780 2673 μενόντων,
2825 2585 2970 2654 ἀλλ’
3013 2587 3211 2666 ὅλους

597 2685 875 2764 ἑαυτοὺς
920 2688 1098 2775 αὐτῷ
1142 2687 1512 2772 θύσαντας]
1699 2688 1770 2751 οἰ
1809 2685 1999 2753 καλοὶ
2047 2696 2437 2772 στρατιῶται
2484 2696 2599 2771 τῆς
2643 2690 2948 2771 πίστεως,
3089 2696 3210 2771 τῆς

526 2812 578 2851 zo
596 2785 914 2868 ἀληθείας
959 2787 1030 2850 οἰ
1069 2788 1158 2872 μὴ
1205 2788 1643 2871 φθειρόμενοι
1710 2786 2058 2871 μάρτυρες,
2188 2786 2397 2861 ὅντως
2459 2783 2790 2870 ὁλόκληρα
2936 2786 3209 2869 θύματα

380 2999 729 3069 Ειε-ειούκ
774 3001 937 3065 ἄνευ
985 2989 1059 3063 δὲ
1104 2996 1254 3077 βίας
1291 2995 1384 3067 εἰς
1429 3007 1629 3065 τοῦτο
1678 2998 1927 3064 ἐλθών·
1972 2999 2176 3083 φίλον
2218 2999 2346 3084 γὰρ
2392 2993 2479 3082 ἧν
2523 2998 2700 3086 αὐτῷ
2747 3000 2822 3065 τὸ
2859 2996 3211 3083 ἡσυχάζειν

598 3095 716 3161 ἀεί.
765 3094 1132 3182 διαπρέψας
1179 3090 1305 3159 οὖν
1351 3095 1424 3160 έν
1468 3106 1547 3182 τῇ
1593 3105 1713 3161 τοῦ
1765 3100 1939 3161 Θεοῦ
2000 3096 2310 3183 ἐκκλησίᾳ
2360 3100 2648 3182 χρόνους
2701 3099 3053 3173 πλείστους
3097 3094 3210 3162 καὶ

526 3211 577 3251 1⁵
596 3196 925 3279 δόγμασιν
989 3192 1323 3276 εὐσεβείας
1380 3192 1489 3259 καὶ
1552 3195 1856 3279 θαύμασι
1909 3192 2311 3279 παραδόξοις
2371 3195 2623 3271 πάντας
2676 3196 3211 3271 Μαπλουτίσας

597 3294 711 3357 διὰ
756 3300 871 3375 τῆς
918 3291 1125 3356 αὐτοῦ
1174 3289 1416 3357 ἐνθέου
1462 3291 1696 3378 ἀρετῆς
1740 3289 1852 3356 καὶ
1889 3300 2009 3356 τοῦ
2064 3291 2521 3374 ἀληθεστάτου
2569 3296 2795 3376 λόγου,
2836 3290 3025 3368 τέλος
3070 3303 3212 3368 τοῖς

598 3388 684 3454 δι’
740 3391 1014 3474 αἵματος
1063 3389 1297 3475 ἱδρῶσι
1344 3387 1454 3454 καὶ
1499 3393 1734 3466 πόνοις
1777 3387 2205 3475 ἐνεκαρτέρει.
2249 3387 2361 3454 καὶ
2397 3390 2558 3455 ὅλον
2604 3388 2844 3456 ἑαυτὸν
2886 3390 3212 3455 καταθύει

597 3485 708 3552 καὶ
755 3482 1103 3552 σπένδεται
1148 3498 1288 3564 τοῖς
1334 3484 1574 3552 ἑαυτοῦ
1624 3486 2081 3570 τελειούμενος
2135 3487 2382 3570 αἵμασι.
2435 3485 2545 3552 καὶ
2599 3489 2761 3572 μετὰ
2817 3489 2937 3553 τὸν
2991 3481 3213 3553 ἀθλον

598 3585 806 3650 αὐτοῦ
867 3587 962 3660 εἰς
1021 3584 1350 3670 οὐρανοὺς
1410 3583 1832 3670 ἀναφέρεται,
1877 3595 2017 3660 τοῖς
2069 3594 2205 3648 τῶν
2258 3583 2627 3668 ἀσωμάτων
2687 3585 2932 3650 αὐτόθι
2987 3596 3213 3670 χοροῖς

454 3678 464 3687 ’
528 3698 580 3739 2⁰
599 3681 1112 3768 ἀριθμούμενος.
1176 3679 1287 3746 καὶ
1342 3680 1553 3758 οὕτως
1612 3681 1686 3746 ἐν
1744 3685 1934 3766 γήρει
1991 3686 2169 3768 καλῷ
2225 3680 2632 3748 ἀναπαύεται
2688 3682 2763 3747 ἐν
2817 3684 3073 3770 Κύπρῳ
3130 3692 3210 3769 τῇ

598 3789 704 3865 γῇ,
749 3777 1378 3865 παρακαταθέμενος
1422 3779 1503 3844 τά
1547 3787 1669 3844 τοῦ
1715 3781 2015 3864 σώματος
2060 3781 2357 3858 λείψανα.

780 3995 844 4043 13
881 3986 1034 4051 τέλος
1069 3990 1201 4042 ante
1237 3996 1355 4050 τοῖς
1391 3988 1520 4043 Ε16
1572 3990 1580 4060 Ι
1632 3985 1975 4057 ἐνεκαρτέρει
2011 3986 2056 4039 Ε
2081 3991 2146 4040 17
2180 3987 2188 4057 Ι
2221 3981 2323 4055 μὲν
2361 4000 2466 4038 om.
2506 3982 2556 4035 A
2597 3982 2605 4053 Ι
2658 3987 2723 4036 14
2760 3985 2915 4036 θεῖοι
2950 3982 3011 4035 Μ
3042 3984 3052 4053 Ι
3091 3982 3213 4051 τρέ-

600 4088 765 4140 φεται
801 4069 846 4122 Ε
870 4074 933 4122 11
993 4063 1249 4138 στέφεται
1286 4066 1405 4121 AM
1456 4071 1463 4137 Ι
1518 4073 1583 4122 15
1621 4076 1732 4122 τῶν
1769 4068 1964 4122 άθλων
2001 4067 2175 4121 ἀυτοῦ
2212 4065 2257 4118 Ε
2290 4070 2356 4118 18
2410 4072 2521 4118 τῶν
2559 4061 2753 4117 ἄθλων
2798 4063 2982 4119 αὐτῶν
3029 4062 3150 4117 ΑΜ
3197 4064 3207 4137 Ι

599 4147 989 4218 ἀναφθέρεται
1025 4148 1083 4200 Μ
1112 4150 1130 4217 ΙΙ
1156 4155 1208 4215 4,
1238 4153 1269 4201 6
1307 4151 1542 4217 θαρρῶν
1579 4149 1638 4201 Μ
1678 4149 1687 4219 Ι
1730 4154 1762 4202 8
1800 4146 1865 4202 δὲ
1903 4164 2007 4201 om.
2046 4146 2097 4201 A
2137 4149 2146 4215 Ι
2196 4152 2227 4200 9
2268 4140 2637 4214 ἵέρουργησάν
2672 4142 2732 4196 Μ
2781 4143 2790 4213 Ι
2839 4140 3213 4213 τετιμημένων

604 4231 725 4301 Θεῷ
763 4228 810 4280 Α
854 4229 863 4299 Ι
907 4234 971 4281 12
1019 4225 1247 4298 ἀλόγιον
1282 4228 1342 4281 Μ
1392 4230 1401 4297 Ι
1451 4226 1637 4283 ἀλλὸτι
1683 4229 1742 4281 Μ
1807 4226 1893 4282 ὅτι
1929 4228 1979 4280 Α
2021 4229 2031 4299 Ι
2094 4231 2159 4281 17
2196 4222 2589 4294 ἀναφέρεσθαι
2624 4222 2674 4275 Α
2724 4225 2733 4292 Ι
2791 4219 3013 4277 καλέσοι
3049 4223 3169 4277 ΑΜ
3200 4224 3208 4295 Ι

599 4342 978 4415 προσλάβηται
1015 4343 1065 4396 Α
1101 4341 1458 4415 προσλάβειτε
1485 4343 1545 4397 M
1577 4345 1585 4415 Ι
1621 4350 1685 4398 18
1725 4344 2075 4413 οἰκειώσηται
2103 4342 2153 4395 Α
2190 4317 2460 4396 οἰκειώσεῖ
2495 4357 2553 4392 τε
2580 4338 2641 4391 Μ
2672 4338 2681 4410 Ι
2716 4343 2780 4391 19
2818 4336 3099 4401 θύσαντες
3133 4338 3210 4411 ΑΙ

602 4425 669 4479 20
708 4423 882 4485 ὄντως
916 4423 966 4475 Α
1020 4420 1091 4475 τὰ
1117 4422 1186 4474 M·
1216 4422 1225 4492 Ι
1263 4427 1395 4492 post
1428 4424 1657 4492 θύματα
1693 4422 1750 4476 Μ
1809 4422 2044 4493 explicit
2078 4421 2139 4476 in
2185 4421 2326 4475 haec
2370 4419 2565 4474 verba:
2613 4426 2712 4473 τοῦ
2751 4422 3020 4487 Χριστοῦ·
3060 4418 3215 4473 ἀυτῶ

600 4526 634 4575 η
673 4502 812 4569 δόξα
851 4503 947 4556 καὶ
981 4502 1044 4557 τὸ
1092 4501 1295 4571 κράτος
1332 4503 1411 4565 εἰς
1455 4504 1586 4566 τοὺς
1630 4504 1843 4565 αἰῶνας
1886 4513 1998 4560 τῶν
2044 4503 2266 4557 αἰώνων
2303 4498 2467 4569 ἀμ’ήν.

817 4667 1025 4717 16-17
1064 4688 1131 4708 =
1171 4668 1222 4730 3,
1254 4667 1461 4715 12—13
1512 4663 1520 4731 Ι
1573 4666 1637 4715 17
1675 4661 1908 4731 αἵμασιν
1946 4662 2065 4717 οοᾶ.
2114 4665 2122 4732 Ι
2175 4666 2383 4715 17-18
2439 4684 2511 4708 ω
2565 4664 2617 4728 4,
2644 4664 2783 4713 4—5
2831 4662 2840 4728 Ι
2892 4664 3104 4713 18—20
3142 4686 3214 4707 =

604 4748 654 4814 3,
687 4748 894 4798 15—16
927 4744 936 4816 Ι
971 4748 1039 4797 18
1074 4752 1185 4800 τῶν
1222 4740 1418 4797 ἄθλων
1455 4742 1574 4796 cod.
1608 4743 1617 4814 Ι
1651 4748 1859 4797 20-21
1901 4769 1963 4789 =-
2002 4747 2053 4810 5,
2082 4747 2221 4795 3—4
