3611 5264
593 329 718 392 126
1694 325 1972 381 Laudatio
2775 332 2859 397 10,
2880 332 3110 394 21-12,
3132 332 3203 380 20

592 491 1045 558 ἐπαπολαῦσαι
1093 491 1211 556 τὸν
1258 492 1463 573 λόγον
1507 498 1627 555 τοῦ
1674 491 2100 574 διηγήματος·
2241 487 2311 553 ἐκ
2347 493 2616 553 πολλῶν
2653 485 2729 553 δὲ
2773 488 3026 573 ὀλίγοις
3063 490 3203 555 ἐπι-

593 590 867 676 δραμὼν
902 590 1071 674 πρὸς
1113 590 1189 654 τὸ
1233 587 1437 673 πέρας
1478 585 1590 653 καὶ
1637 589 1720 671 δὴ
1767 596 1888 653 τοῦ
1937 586 2394 671 συντάγματος
2437 584 2776 672 τρέψομαι.

500 700 573 755 11
771 687 1251 773 κατεκρύπτετο
1296 682 1420 770 μὲν
1473 686 1600 769 γὰρ
1656 687 1925 772 οἰκίσκῳ
1985 707 2122 749 τινι
2175 683 2366 769 μέχρι
2420 688 2672 749 πολλοῦ
2725 686 2885 769 μετὰ
2939 686 3062 768 τὴν
3106 686 3204 761 εἰς

596 785 765 870 ἡμᾶς
812 784 1123 849 εὐκταίαν
1171 783 1526 868 ἐπιδημίαν
1560 782 1601 866 ἡ
1643 782 1787 867 ἱερά
1823 799 1949 847 σου
1985 784 2163 866 θήκη
2199 784 2538 865 πανόλβιε,
2668 783 3034 868 μετριάζειν
3069 783 3200 868 γὰρ

593 884 810 968 ὥσπερ
860 881 1146 966 ἐβούλου
1189 879 1300 946 καὶ
1347 880 1470 946 οὐκ
1516 879 1954 964 ἐκπομπεύειν
1997 881 2162 964 τάχα
2208 880 2288 944 τὰ
2332 880 2660 964 θαύματα.
2787 878 2925 946 ἀλλ’
2985 879 3020 945 6
3061 890 3199 944 τῶν

592 980 803 1063 ἁγίων
850 982 947 1056 εἰς
991 975 1372 1063 τούμφανὲς
1416 979 1599 1061 ἄγων
1644 978 1723 1042 τὰ
1778 979 2263 1063 κατορθώματα
2423 978 2589 1062 πρὸς
2634 980 2968 1064 σωτηρίαν
3010 977 3201 1062 ἡμῶν

547 1101 572 1142 5
592 1076 703 1143 καὶ
749 1076 836 1141 τὰ·
875 1076 960 1141 σὰ
1006 1086 1121 1161 τῆς
1167 1075 1512 1159 ἀθλήσεως
1622 1074 2065 1160 ἐθριάμβευσε
2110 1079 2408 1153 λείψανα.
2531 1074 2569 1139 6
2613 1076 2741 1161 γὰρ
2778 1077 3035 1140 τούτων
3078 1076 3205 1158 τὴν

587 1177 895 1260 φυλακὴν
942 1173 1015 1238 ἐν
1058 1176 1398 1259 μυστηρίῳ
1449 1172 1969 1257 πεπιστευμένος
2011 1172 2141 1238 ὑπὸ
2186 1175 2381 1249 θείας
2424 1172 2634 1256 ῥοπῆς
2668 1170 2970 1256 κινηθεὶς
3005 1172 3199 1237 αὐτό-

585 1296 790 1357 ματος
847 1266 1060 1354 ἦλθεν
1126 1270 1396 1335 κάκεῖνα
1456 1268 1682 1354 φέρων
1742 1269 1971 1335 ἐδίδου
2029 1280 2175 1346 ταῖς
2241 1278 2362 1335 τοῦ
2430 1270 2808 1355 πρεσβύτου
2873 1279 3009 1334 τῶν
3068 1260 3200 1333 ὧδε

585 1372 830 1454 χερσίν.
919 1366 1060 1453 μετ’
1126 1368 1320 1452 εὐχῆς
1375 1364 1448 1432 δὲ
1509 1361 1706 1443 οὗτος
1758 1365 1868 1433 καὶ
1923 1368 2312 1454 ψαλμῳδίας
2373 1375 2817 1451 πνευματικῆς
2863 1365 2935 1431 ἐν
2981 1365 3199 1450 ἐπιμε-

589 1470 732 1553 λείᾳ
776 1462 1130 1550 δεξάμενος
1264 1463 1518 1541 εὐθέως
1564 1466 1653 1541 ὡς
1698 1460 1784 1548 ἦν
1830 1465 2004 1540 εἰκὸς
2049 1462 2456 1546 ἐγκατέθετο.
2606 1459 2746 1528 εἶτα
2791 1466 3198 1549 μικροψυχή-

515 1589 568 1629 10
587 1581 726 1647 σας,
773 1554 883 1629 οἷα
927 1567 1118 1648 φιλεῖ
1166 1565 1562 1646 συμβαίνειν
1616 1573 1756 1639 τοῖς
1816 1560 2237 1646 ἀρχομένοις,
2288 1559 2398 1626 καὶ
2453 1562 2621 1644 πρὸς
2673 1560 3032 1646 ὀλιγωρίαν
3085 1558 3198 1625 καὶ

589 1663 794 1726 ὄκνον
841 1660 1141 1736 ἐκκλίνας
1184 1656 1409 1743 βλέπει
1454 1657 1597 1724 κατ’
1656 1661 1820 1744 ὄναρ
1869 1659 1988 1723 τὸν
2032 1660 2231 1743 ἅγιον
2277 1657 2581 1742 λέγοντα·
2708 1655 2759 1725 ὦ
2801 1653 2997 1735 οὗτος
3041 1682 3197 1740 καρ-

586 1757 885 1843 τέρησον,
1021 1757 1101 1822 οὐ
1148 1758 1237 1841 μὴ
1283 1758 1409 1843 γὰρ
1459 1756 1630 1841 ὑμᾶς
1666 1756 2105 1842 ἐπιλείψομαι.
2209 1757 2450 1846 [τούτῳ
2498 1754 2604 1832 δὶς
2651 1757 2919 1833 ἐπιστὰς
2964 1753 3199 1821 λαθὼν

587 1881 638 1921 ω
686 1880 809 1921 ετο.

497 1958 572 2013 12
594 1922 610 1944 ‘
644 1881 682 1940 χ
761 1855 873 2009 κάὶ
918 1941 1069 2028 μεθ’
1124 1942 1371 2028 ἡμέρας
1415 1944 1602 2020 τινάς
1646 1949 1923 2025 λεγεῶνι
1969 1945 2309 2028 δαιμόνων
2354 1967 2454 2019 τις
2501 1943 2961 2027 ἐλαυνόμενος,
3089 1941 3196 2027 γέ-

583 2067 702 2118 νος
744 2038 869 2126 μὲν
903 2040 1172 2124 Ἰταλός,
1224 2046 1571 2126 Φλωρῖνος
1617 2038 1691 2106 δὲ
1736 2041 2052 2125 τοῦνομα,
2206 2044 2432 2125 ἔμελλε
2475 2038 2627 2125 περὶ
2671 2042 2747 2106 τὸ
2797 2045 3197 2126 Βλαχερνῶν

582 2142 832 2224 τειχίον
879 2140 1150 2204 ἄνωθεν
1196 2136 1301 2202 ἐπὶ
1346 2140 1470 2222 τὴν
1514 2147 1641 2221 γῆν
1687 2137 2166 2216 ἀκοντίζεσθαι.
2327 2136 2759 2222 κατασχεθεὶς
2802 2135 2877 2203 δὲ
2921 2138 3053 2204 ὑπό
3099 2162 3196 2203 τι-

581 2261 723 2302 νων
770 2236 841 2300 ἐκ
885 2244 1005 2301 τοῦ
1051 2235 1342 2320 ταράχου
1388 2235 1462 2299 τὸ
1509 2235 1730 2311 πάθος
1773 2234 2416 2320 προαισθανομένων
2464 2234 2575 2300 καὶ
2621 2234 2753 2300 ὑπὸ
2803 2241 3192 2321 παραφυλα-

537 2359 562 2400 5
580 2335 706 2417 κὴν
752 2334 1063 2416 γεγονώς,
1109 2333 1197 2408 ὡς
1242 2332 1438 2418 ὡρῶν
1482 2343 1688 2418 τριῶν
1732 2337 2035 2419 παρῆλθε
2080 2332 2422 2418 διάστημα,
2570 2330 2734 2419 ᾤετο
2791 2334 3197 2418 καθαρεύειν

580 2441 703 2497 τοῦ
762 2433 1098 2516 δαίμονος,
1232 2438 1352 2495 τοῦ
1416 2430 1681 2507 πάθους
1744 2430 2329 2514 ὑπολωφῆσαντος.
2492 2428 2601 2494 καὶ
2666 2431 2750 2513 δὴ
2823 2441 3195 2516 σωφρονῶν
3250 2428 3255 2433 ’

580 2539 938 2614 προσεῖπεν
982 2525 1105 2606 ὀψὲ
1150 2539 1289 2604 τοῖς
1335 2526 1778 2611 φυλάσσουσι,
1932 2526 2039 2593 καὶ
2088 2526 2323 2603 λυθεὶς
2368 2537 2488 2593 τοῦ
2535 2529 2786 2612 δεσμοῦ
2836 2531 3192 2610 κατεκλίθη

579 2627 805 2712 πράως
863 2624 972 2692 καὶ
1027 2626 1500 2692 κατεπαύσατο.
1662 2624 1813 2710 περὶ
1874 2623 1949 2692 δὲ
2015 2623 2219 2711 μέσας
2284 2626 2530 2702 νύκτας
2599 2627 2755 2704 ὄψις
2811 2626 2990 2713 αὐτῷ
3050 2626 3195 2691 δια-

582 2725 918 2790 δείκνυται
1036 2725 1258 2789 τοιάδε
1303 2722 1743 2807 ἀγγέλλουσα·
1860 2725 2028 2811 πρὸς
2073 2726 2190 2789 τὸν
2246 2724 2594 2810 εὐκτήριον
2641 2719 2828 2790 οἶκον
2876 2732 2992 2807 τῆς
3033 2728 3195 2790 Θεο-

511 2849 563 2888 ιο
579 2824 864 2907 μήτορος
910 2822 1071 2904 ἵεσο,
1252 2821 1432 2896 ὅστις
1491 2829 1608 2904 τῆς
1656 2816 1919 2896 Ἐλαίας
1978 2821 2562 2907 προσονομάζεται·
2755 2821 2997 2886 αὐτόθι
3043 2822 3195 2906 γάρ,

582 2923 809 3004 φησίν,
859 2920 1104 3004 ίαθήσῃ
1150 2927 1272 2984 τοῦ
1317 2915 1678 3003 πτώματος.
1807 2919 1898 2995 ὡς
1943 2915 2019 2984 δὲ
2061 2917 2272 3005 ἡμέρα
2320 2917 2580 3001 ἐγένετο
2706 2917 2817 2984 καὶ
2862 2920 2985 3002 τὴν
3019 2924 3194 2982 θεω-

580 3020 735 3102 ρίαν
780 3018 991 3081 εῑπεῖν
1050 3015 1519 3100 ἀπετόλμησεν,
1679 3016 1811 3081 ὑπὸ
1870 3028 2006 3081 τῶν
2065 3014 2496 3081 ἀκουσάντων
2552 3017 2752 3100 ἤχθη,
2812 3014 2924 3080 καὶ
2981 3017 3203 3099 μόνον,

581 3113 777 3197 ἐπέβη
832 3122 948 3195 τῆς
1001 3122 1121 3177 τοῦ
1176 3114 1305 3177 νεὼ
1361 3115 1708 3197 κρηπῖδος,
1762 3113 2281 3197 ἀνεστρεβλοῦτο
2335 3114 2410 3178 τὸ
2474 3125 2660 3198 σῶμα
2717 3115 3019 3178 καθόλου
3081 3110 3192 3177 καὶ

577 3212 821 3276 κλόνον
865 3209 1191 3293 ὑφίστατο
1238 3212 1487 3293 βίαιον·
1605 3205 1743 3276 εἶτα
1789 3211 2029 3275 λοιπὸν
2074 3209 2339 3294 ἀσήμως
2388 3210 2695 3294 ἐκώκυεν,
2821 3208 2932 3276 καὶ
2977 3210 3193 3275 πολλὰ

508 3334 560 3376 15
578 3319 718 3383 τοῖς
775 3310 1077 3391 κατόχοις
1122 3306 1527 3391 ἐνοχληθείς,
1572 3306 1757 3384 τέλος
1817 3309 1911 3383 εἰς
1970 3308 2307 3392 τοῦδαφος
2476 3311 2861 3373 καταπίπτει
2917 3309 3192 3394 πρηνής,

578 3406 845 3489 ἄφωνος
873 3403 986 3470 ἐπί
1007 3427 1192 3481 τινας
1211 3402 1455 3490 ἡμέρας
1483 3407 1855 3489 γενόμενος.
1927 3406 2062 3489 ἅμα
2091 3402 2164 3470 δὲ
2191 3413 2285 3493 τῷ
2315 3417 2709 3471 καταπεσεῖν
2736 3405 2942 3470 αὐτόν
2970 3406 3190 3489 ὥσπερ

577 3497 657 3580 ὗς
701 3508 918 3588 πληγῇ
963 3527 1096 3567 τινι
1141 3513 1220 3588 τῇ
1267 3500 1549 3580 ἐξετάσει
1595 3512 1714 3568 τοῦ
1761 3502 2095 3588 μάρτυρος
2273 3504 2351 3567 τὰ
2396 3504 2602 3587 μιαρὰ
2671 3503 2888 3568 ἐκεῖνα
2943 3500 3192 3586 ἐφυγα-

578 3600 791 3683 δεύθη
840 3602 1171 3684 δαιμόνια,
1321 3609 1580 3666 καπνοῦ
1620 3602 1995 3684 φαντασίαν
2039 3609 2119 3684 τῇ
2166 3598 2372 3687 ἐξόδῳ
2423 3601 2587 3665 κατὰ
2634 3601 2751 3665 τὸν
2799 3599 2958 3684 ἀέρα
3003 3600 3192 3681 ποιή-

578 3713 803 3762 σαντα.
920 3696 1031 3762 καὶ
1079 3697 1291 3772 οὕτως
1336 3695 1589 3762 τέλειον
1633 3697 2059 3782 ἐθεραπεύθη
2105 3706 2227 3761 τοῦ
2270 3698 2535 3774 πάθους
2572 3696 2607 3762 6
2653 3698 2991 3782 δαιμονῶν
3029 3698 3192 3772 δοὺς

513 3823 566 3863 20
585 3793 787 3873 δόξαν
830 3802 922 3882 τῷ
969 3796 1081 3860 διά
1126 3803 1247 3859 τοῦ
1293 3793 1492 3877 ἀγίου
1536 3796 1658 3878 τὴν
1706 3800 1886 3859 ἴασιν
1923 3794 2367 3879 ἐνεργήσαντι.
2483 3798 2712 3879 μείνας
2758 3791 2832 3860 δὲ
2881 3797 3192 3869 πλείστας
3232 3862 3238 3869 ,

755 3994 822 4041 22
860 3989 1042 4043 καὶ-
1064 3985 1341 4058 τρέψομαι
1377 3986 1427 4040 Α
1483 3985 1733 4055 ἔλθωμεν
1777 3996 1889 4042 τῶν
1933 3985 2247 4056 θάυμάτων
2283 3988 2342 4063 Μ
2386 3991 2405 4057 ΙΙ
2454 3993 2537 4057 11,
2568 3994 2600 4041 2
2646 3986 2803 4057 τιμία
2838 3988 2935 4042 καὶ
2986 3988 3117 4056 post
3151 3985 3190 4054 ἡ

579 4067 706 4122 add.
745 4069 804 4121 M
836 4071 845 4137 Ι
878 4074 909 4121 3
946 4068 1187 4139 ἠβούλου
1225 4068 1284 4120 Μ
1317 4070 1324 4136 Ι
1358 4072 1390 4120 5
1427 4065 1582 4136 τίμια
1618 4069 1749 4137 post
1786 4067 1856 4121 σὰ
1894 4067 2023 4121 add.
2044 4068 2103 4120 M
2135 4069 2143 4138 Ι
2175 4068 2277 4137 τὴν
2313 4075 2525 4122 τοῢτων
2552 4068 2611 4120 Μ
2642 4070 2651 4138 Ι
2685 4073 2717 4120 6
2751 4065 3076 4136 ἀυτομάτως
3101 4065 3185 4137 ΜΙ

580 4154 644 4201 11
695 4146 949 4210 ἐκκλίνας
994 4166 1099 4203 om.
1143 4149 1193 4202 A
1264 4146 1484 4210 εκλίνας
1528 4148 1586 4201 Μ
1632 4149 1641 4218 Ι
1691 4147 1829 4203 ἰδὼν
1880 4147 2019 4217 ὄναρ
2070 4146 2258 4219 βλέπει
2303 4147 2353 4201 Α
2403 4150 2412 4217 Ι
2476 4145 2806 4216 θεράποντα
2849 4148 2980 4217 posia
3023 4145 3190 4214 ἅγιον

578 4228 707 4281 add.
745 4228 804 4280 M
853 4230 861 4297 Ι
912 4228 1060 4281 ἀυτῶ
1096 4230 1227 4297 posia
1263 4225 1493 4299 λέγοντα
1533 4227 1660 4281 add.
1691 4228 1750 4280 M
1800 4230 1809 4295 Ι
1860 4228 2058 4296 μϊκρὸν
2101 4229 2232 4297 posia
2276 4223 2439 4289 οὗτος
2483 4227 2612 4282 add.
2651 4227 2712 4280 M
2761 4230 2770 4297 Ι
2820 4232 2887 4280 12
2924 4226 3100 4281 τούτω
3137 4226 3191 4278 Α

577 4316 740 4361 τοῦτο
778 4307 837 4359 Μ
870 4310 878 4375 Ι
910 4306 1077 4378 ὤχετο
1116 4308 1314 4363 λαθών
1349 4308 1408 4360 Μ
1444 4310 1463 4378 ΙΙ
1504 4313 1586 4375 12,
1617 4313 1649 4360 2
1686 4305 1954 4378 υπάρχων
1989 4310 2119 4377 post
2154 4306 2256 4376 μὲν
2294 4308 2421 4361 add.
2461 4308 2520 4359 M
2551 4309 2560 4377 Ι
2593 4306 2656 4362 δὲ
2692 4323 2799 4362 om.
2838 4306 2888 4359 A
2928 4310 2936 4375 Ι
2975 4306 3039 4360 τὸ
3075 4315 3190 4360 τῶν

580 4386 1013 4459 βλαγχερνῶνΜ
1044 4392 1052 4455 Ι
1086 4386 1241 4456 3τὴν
1260 4405 1366 4442 om.
1388 4388 1446 4441 M
1479 4390 1487 4458 Ι
1517 4393 1553 4441 4
1574 4385 2119 4456 προαισθομένωνΜ
2152 4389 2160 4455 Ι
2193 4392 2224 4440 5
2246 4387 2474 4457 γεγονὸς
2508 4387 2619 4441 ὑπὸ
2656 4405 2787 4456 παρ.
2808 4386 2866 4439 Μ
2899 4389 2907 4457 Ι
2941 4385 3189 4459 ὁρῶνΑΙ

578 4476 746 4536 τριῶν
782 4485 888 4521 om.
928 4466 978 4519 A
1009 4470 1018 4536 Ι
1060 4471 1094 4519 8
1133 4467 1488 4522 ανέπαύσατο
1526 4468 1585 4520 Μ
1627 4470 1634 4536 Ι
1678 4474 1709 4521 9
1748 4465 2144 4537 διάγγέλλουσα
2180 4467 2239 4519 Μ
2279 4470 2288 4537 Ι
2332 4472 2398 4520 10
2436 4465 2551 4522 ΐεσο
2589 4467 2648 4519 Μ
2687 4465 2813 4521 εἴτω
2850 4466 2900 4519 Α
2941 4468 2950 4535 Ι
2991 4465 3191 4521 ἐπονο-

577 4548 806 4616 μάζεται
842 4547 900 4600 Μ
952 4550 960 4616 Ι
1014 4551 1076 4600 11
1117 4545 1341 4616 κάθήση
1379 4547 1438 4599 Μ
1484 4550 1493 4615 Ι
1539 4553 1604 4600 13
1643 4546 1895 4602 καθόλον
1939 4548 2002 4602 τὸ
2041 4557 2194 4616 σῶμα
2230 4545 2288 4598 Μ
2334 4549 2342 4615 Ι
2386 4552 2451 4599 16
2496 4543 2706 4616 ἡμέρας
2748 4566 2908 4609 τινας
2943 4545 3001 4598 Μ
3055 4544 3190 4614 ἡμέ-

578 4647 681 4695 ρας
715 4627 765 4680 A
805 4631 814 4696 Ι
853 4627 917 4681 τὸ
954 4626 1073 4679 AM
1114 4629 1123 4698 Ι
1175 4631 1240 4680 17
1280 4625 1518 4692 ἐξετάσει
1553 4629 1684 4696 post
1718 4626 1997 4696 μάρτυρος
2031 4628 2090 4680 Μ
2140 4630 2149 4697 Ι
2200 4626 2517 4696 ἐφυγαδεύη
2557 4625 2614 4678 Μ
2665 4628 2674 4696 Ι
2717 4632 2783 4680 19
2821 4625 3188 4699 ἐθεραπεύθη

577 4704 762 4765 τέλεον
797 4707 856 4759 Μ
888 4710 897 4780 Ι
930 4714 998 4762 20
1036 4707 1330 4779 εργήσαντι
1366 4707 1425 4761 Μ
