3611 5264
565 318 655 382 20
1720 314 1901 384 Caput
1933 314 2000 368 Π.

564 477 922 562 Trophonii
999 478 1319 562 supplices
1406 481 1601 542 noctu
1690 499 1728 540 a
1812 475 2062 540 duobus
2155 475 2463 539 tredecim
2556 495 2871 538 annorum
2944 474 3182 558 pueriS,

575 598 735 661 quos
770 575 1046 640 Hermas
1062 575 1111 663 l)
1150 575 1482 659 vocabant,
1519 574 1602 638 ad
1636 573 2004 657 Hercynam
2039 574 2310 637 fluvium
2349 570 2745 636 ducebantur
2783 571 3002 655 ibique
3041 571 3182 635 oleo

567 675 647 738 ab
697 674 778 738 iis
823 675 1330 759 ungebantur.
1422 670 1637 759 (Paus.
1675 671 1770 736 IX
1808 670 1913 755 39,
1944 669 2030 757 7.)

747 861 801 927 1)
841 857 1062 928 Quippe
1107 857 1206 926 qui
1244 858 1318 911 ad
1363 856 1571 911 inferos
1618 856 2015 910 descensurum
2059 856 2477 924 praepararent.
2553 852 2935 923 Trophonium
2988 852 3179 920 aliquo

558 938 736 991 modo
779 954 904 991 cum
933 936 1211 991 Mercurio
1250 937 1611 991 coniunctum
1650 951 1771 989 esse
1812 937 2047 1005 apparet
2084 950 2114 988 e
2152 934 2432 988 Ciceronis
2472 949 2694 1003 quoque
2729 933 2854 987 loco
2889 932 3182 986 notissimo

556 1017 775 1086 (NDIII
795 1022 882 1085 22,
902 1019 1008 1086 56),
1050 1017 1121 1070 de
1158 1033 1269 1085 quo
1306 1016 1422 1070 iam
1460 1015 1683 1085 saepius
1710 1014 1817 1068 viri
1846 1013 2000 1069 docti
2030 1014 2437 1068 disseruerunt:
2479 1014 2653 1081 „alter
2690 1012 2829 1084 (scil.
2853 1012 3181 1082 Mercurius)

565 1097 813 1151 Valentis
848 1104 898 1151 et
937 1097 1225 1151 Coronidis
1260 1097 1428 1164 filius,
1464 1097 1515 1151 is
1552 1096 1650 1164 qui
1682 1096 1782 1150 sub
1813 1095 1973 1150 terris
1998 1095 2227 1150 habetwr
2252 1095 2394 1148 idem
2431 1094 2831 1163 Trophoniusf‘
2885 1092 2973 1164 (cf.
3006 1093 3183 1146 Arno-

556 1176 684 1230 bius
720 1176 798 1229 IV
828 1182 895 1229 14
934 1175 990 1231 C.
1022 1176 1075 1231 S.
1105 1176 1167 1232 E.
1200 1176 1259 1231 L.
1289 1175 1365 1229 IV
1393 1194 1446 1246 p.
1472 1180 1600 1229 152:
1660 1176 1793 1245 „sub
1822 1181 1971 1229 terra
2008 1181 2086 1229 est
2122 1175 2261 1229 alter
2300 1172 2674 1244 [Mercurius],
2717 1174 3062 1243 Trophonius
3088 1173 3185 1241 qui

558 1273 666 1311 esse
711 1256 1028 1326 iactatur.“)
1110 1256 1308 1324 Itaque
1366 1254 1678 1324 complures
1725 1253 2034 1308 discrevere
2089 1252 2341 1323 theologi
2386 1252 2707 1322 Mercurios,
2756 1269 2993 1320 quorum
3042 1251 3183 1305 alter

558 1335 713 1389 idem
751 1338 899 1389 esset
936 1351 1003 1388 ac
1037 1334 1406 1404 Trophonius.
1479 1334 1691 1388 Valens
1730 1337 1788 1388 et
1825 1333 2070 1402 Coronis,
2110 1332 2321 1387 Graece
2351 1331 2533 1403 Ἰσχύς
2569 1336 2627 1387 et
2673 1330 2927 1401 Κορωνίς
2974 1332 3181 1384 Aescu-

557 1414 700 1484 lapii
736 1417 1014 1484 parentes.
1091 1414 1214 1478 Qua
1242 1431 1311 1468 ex
1338 1430 1397 1467 re
1436 1413 1830 1468 concluserunt
1857 1413 1963 1467 viri
2000 1412 2312 1467 doctissimi
2348 1412 2729 1481 Trophonium
2766 1414 2937 1481 atque
2975 1412 3183 1466 Aescu-

558 1493 776 1564 lapium
821 1512 994 1548 unum
1041 1494 1393 1563 eundemque
1437 1492 1611 1547 fuisse
1649 1493 1842 1562 deum,
1879 1492 2212 1563 praesertim
2257 1509 2385 1546 cum
2421 1492 2731 1546 Pausanias
2779 1492 2874 1561 (IX
2914 1497 3001 1560 39,
3040 1497 3088 1545 3.
3128 1494 3183 1559 4)

559 1573 869 1643 Trophonii
920 1576 1139 1628 statuas
1198 1572 1533 1642 Aesculapio
1595 1571 1913 1626 simillimas
1963 1571 2137 1625 fuisse
2184 1571 2448 1627 traderet.
2538 1571 2641 1641 (De
2693 1572 2780 1625 dis
2829 1570 3062 1626 medicis
3109 1571 3184 1624 ad

553 1653 879 1723 Aesculapii
921 1653 1350 1708 similitudinem
1377 1652 1580 1707 effictis
1610 1652 1679 1707 cf.
1709 1669 1858 1706 nunc
1887 1651 2061 1705 etiam
2088 1650 2415 1705 Reischium
2442 1651 2502 1705 in
2530 1651 2694 1721 libro,
2731 1652 2829 1720 qui
2857 1651 3183 1705 inscribitur

557 1733 929 1803 „Festschrift
961 1735 1060 1801 fii-r
1096 1734 1430 1801 Βενινιᾶονίἰι
1467 1750 1522 1802 p.
1556 1736 1698 1801 145.)
1771 1731 1827 1786 C.
1860 1731 1922 1785 Ο.
1952 1730 2189 1785 Mueller
2227 1730 2481 1786 Orchom.
2513 1749 2566 1787 u.
2598 1732 2651 1785 d.
2681 1730 2929 1800 Minyer²
2964 1750 3019 1800 p.
3052 1737 3180 1786 195:

565 1814 711 1882 „(Es
758 1815 832 1869 ist
865 1814 1005 1868 wohl
1039 1813 1527 1881 walwscheinlich),
1563 1813 1692 1867 dass
1728 1811 1825 1865 der
1859 1811 2172 1879 Asklepios,
2219 1811 2327 1866 ἄενι
2361 1812 2451 1865 die
2488 1812 2758 1881 Phleqyer
2791 1811 2913 1865 wnd
2951 1813 3184 1881 Minyer

555 1894 849 1960 vereha‘ten,
895 1894 1025 1948 eben
1075 1894 1414 1962 Trophonios
1458 1910 1591 1960 war,
1636 1893 1734 1947 der
1777 1891 1879 1945 mit
1923 1890 2551 1959 Asklepios-Auratum
2587 1906 2658 1945 zu
2696 1891 2975 1945 chadeia
3021 1908 3182 1961 anye-

558 1975 693 2028 betet
727 1973 967 2028 wurde.“
1038 1973 1113 2026 Et
1157 1972 1307 2026 infra
1351 1991 1406 2041 p.
1438 1978 1568 2027 196:
1632 1972 1799 2041 „(Es)
1848 1971 2001 2025 kann
2045 1971 2179 2023 iiber
2225 1970 2314 2023 die
2357 1972 2774 2041 ursprimyliche
2819 1971 3054 2025 Einheit
3090 1971 3184 2025 des

559 2052 849 2121 Asklepios
898 2052 994 2106 der
1045 2053 1314 2123 Phleyyer
1362 2053 1482 2107 ανιᾶ
1531 2053 1624 2107 des
1679 2050 2021 2119 Trophonios
2070 2051 2167 2105 ἄεν
2219 2051 2448 2121 Minyer
2495 2052 2638 2105 auch
2686 2051 2838 2104 nicht
2890 2051 3041 2105 meho-
3088 2052 3184 2104 ἄεν

560 2133 763 2188 leiscste
809 2132 1032 2199 Zweifel
1091 2133 1407 2188 obwalten.“
1483 2131 1585 2186 Cui
1632 2128 1940 2185 assentitur
1987 2128 2157 2184 Wide
2214 2131 2283 2183 de
2341 2129 2515 2183 sacris
2570 2129 2758 2185 Troez.
2808 2147 2863 2199 p.
2905 2136 2989 2184 51.
3066 2129 3183 2183 Nec

558 2227 717 2264 secus
755 2210 1059 2265 Thraemer
1104 2210 1607 2281 (Pauly—Wissowa
1646 2229 1685 2266 s.
1725 2229 1777 2265 v.
1815 2209 2116 2278 Asklepios
2152 2227 2206 2278 p.
2241 2212 2399 2280 1645)
2430 2213 2735 2265 asseverat:
2785 2211 3100 2279 „Boiotiew
3124 2253 3136 2264 .
3159 2253 3171 2265 .

558 2293 744 2346 besitzt
791 2336 801 2346 .
825 2336 837 2347 .
866 2293 944 2345 im
980 2292 1347 2346 lebadcischen
1378 2292 1719 2361 Trophonios
1755 2292 1875 2345 eine
1909 2306 2017 2345 von
2043 2290 2239 2345 Haase
2274 2306 2379 2344 aus
2414 2291 2516 2344 mit
2549 2290 2836 2358 Asklepios
2871 2290 3185 2356 identische,

559 2389 672 2427 mor
733 2372 867 2438 friih
929 2388 1040 2427 von
1091 2372 1203 2426 ihm
1268 2372 1619 2442 abyczweiyte
1673 2371 2043 2440 Localfiyur.“
2128 2369 2219 2439 (cf.
2277 2371 2516 2423 eundem
2565 2369 2627 2421 in
2679 2369 2949 2423 Roscheri
3002 2369 3183 2423 lexico

559 2451 585 2504 I
619 2469 674 2520 p.
707 2456 836 2519 623,
875 2454 982 2521 42.)
1067 2451 1273 2506 Contra
1340 2451 1669 2505 Welckerus
1738 2449 2054 2504 Pausaniae
2110 2448 2235 2503 loco
2299 2449 2563 2503 inductus
2621 2448 3005 2517 Trophonium
3060 2448 3186 2502 vult

561 2530 838 2600 intellegi,
885 2530 985 2585 ubi
1039 2531 1190 2599 apud
1237 2530 1477 2585 eundem
1526 2530 1856 2600 scriptorem
1893 2529 1991 2599 (IV
2029 2533 2114 2596 34,
2145 2532 2199 2600 6)
2247 2529 2316 2583 de
2353 2527 2677 2597 Aesculapii
2715 2530 2907 2582 statua
2941 2528 3001 2582 in
3037 2529 3184 2583 Mes-

561 2610 751 2666 seniae
790 2611 999 2680 oppido
1049 2610 1307 2667 ‘Corone’
1347 2610 1537 2680 posita
1585 2609 1807 2665 dicitur.
1884 2608 2228 2681 (Zeitschrift
2272 2608 2363 2663 fiir
2409 2608 2524 2664 alte
2563 2609 2746 2664 Kunst
2781 2609 2806 2662 Ι
2842 2626 2897 2678 p.
2930 2614 3059 2679 1233
3112 2608 3181 2663 cf.

558 2695 674 2746 not.
715 2695 822 2763 39.)
896 2691 1057 2756 Quod
1105 2691 1335 2761 quidem
1382 2691 1504 2745 fieri
1539 2709 1654 2746 non
1690 2692 1895 2759 potest.
1970 2690 2118 2744 Nam
2156 2689 2508 2759 Trophonius
2546 2706 2854 2758 numquam
2889 2706 3183 2744 cavernam

566 2788 725 2825 suam
761 2771 1181 2826 Lebadeensem
1216 2771 1466 2841 reliquit,
1503 2770 1674 2826 immo
1710 2772 1819 2825 hoc
1857 2771 1982 2840 ipso
2019 2787 2350 2841 germanum
2388 2771 2717 2826 daemonem
2755 2770 3087 2825 chthonium
3123 2787 3182 2825 se

557 2852 913 2920 praestabat,
961 2852 1112 2921 quod
1159 2851 1529 2921 permanebat
1566 2852 1684 2905 solo
1721 2850 2072 2905 Lebadeensi
2121 2851 2440 2906 adstrictus.
2515 2851 2727 2906 Dukeri
2766 2851 3086 2905 coniectura
3122 2850 3184 2903 in

558 2931 806 3000 Ampelii
844 2931 969 2986 libr.
1022 2932 1325 2985 memorab.
1377 2931 1506 2985 V111
1545 2937 1602 2999 3,
1641 2948 1753 3000 qua
1803 2931 1971 3000 Argis
2021 2931 2082 2984 in
2130 2931 2303 3000 Epiro
2353 2930 2497 2985 Iovis
2549 2931 2823 3000 templum
2873 2929 3183 2999 Trophonii

560 3010 826 3078 (traditur
862 3010 1168 3079 hyphonis:
1214 3010 1504 3079 Typhonis
1542 3010 1918 3078 probabiliter
1953 3010 2240 3064 Dieterich
2268 3010 2352 3064 De
2391 3010 2614 3079 hymnis
2652 3010 2897 3079 orphicis
2923 3029 2978 3080 p.
2999 3017 3066 3065 46
3079 3012 3181 3079 sq.)

562 3089 833 3157 nascitur,
870 3089 988 3142 iam
1032 3106 1066 3143 a
1112 3089 1333 3143 Rohdio
1382 3089 1630 3143 refutata
1676 3089 1942 3160 (Psyche²
1977 3090 2004 3143 Ι
2042 3095 2141 3143 121
2190 3089 2358 3159 adn).
2442 3090 2733 3145 Panofkae
2779 3090 3182 3159 explicationes

559 3170 725 3239 (Abh.
775 3170 826 3223 d.
878 3168 1021 3224 Berl.
1070 3169 1252 3224 Akad.
1292 3169 1344 3223 d.
1384 3168 1551 3224 Wiss.
1594 3175 1732 3223 1848
1777 3168 2079 3237 phil-hist.
2126 3169 2214 3223 Kl.
2261 3188 2316 3239 p.
2352 3174 2679 3242 111—119),
2725 3170 2824 3239 qui
2875 3188 2905 3225 e
2941 3169 3182 3224 nummis

559 3248 834 3318 Rheginis
870 3248 1079 3318 Rhegii
1114 3248 1498 3317 Trophonium
1535 3249 1748 3302 cultum
1784 3265 1907 3303 esse
1945 3249 2276 3303 concludere
2313 3267 2426 3304 non
2465 3250 2765 3318 dubitavit,
2803 3250 2954 3304 omni
2991 3253 3184 3303 carent

560 3328 944 3382 fundamento.
1017 3327 1215 3396 Neque
1260 3345 1388 3382 vero
1404 3372 1418 3397 ,
1469 3345 1597 3397 mea
1643 3327 1874 3396 quidem
1919 3328 2217 3397 sententia,
2256 3330 2591 3384 contendere
2627 3330 2765 3384 licet
2799 3329 3182 3399 Trophonium

560 3409 981 3463 Lebadeensem
1038 3408 1209 3477 plane
1273 3410 1513 3463 eundem
1563 3425 1684 3463 esse
1749 3410 1921 3477 atque
1975 3408 2390 3478 Aesculapium.
2472 3410 2783 3479 Utrumque
2839 3411 3006 3464 deum
3056 3427 3183 3463 cum

559 3488 835 3543 Mercurio
884 3488 1330 3543 contaminatum
1370 3505 1491 3543 esse
1519 3489 1609 3559 (cf.
1642 3489 1712 3543 de
1739 3491 1856 3543 nat.
1887 3489 2037 3544 deor.
2067 3489 2147 3543 111
2176 3495 2261 3558 22,
2291 3496 2356 3544 57
2370 3512 2382 3544 :
2425 3491 2727 3558 „sectmdus
2763 3489 3181 3561 [Aesculapius]

560 3569 790 3625 secwndi
826 3570 1102 3624 Mercwrii
1135 3570 1368 3639 frater‘)
1403 3586 1517 3623 non
1543 3568 1763 3638 mirum,
1802 3587 1929 3623 cum
1958 3571 2177 3623 constet
2204 3586 2317 3623 non
2344 3586 2526 3639 pauca
2555 3571 2860 3624 adhaerere
2889 3569 3181 3638 Mercurio,

562 3666 707 3718 quae
763 3648 1089 3703 chthoniam
1143 3648 1262 3702 eius
1323 3648 1597 3718 originem
1664 3649 1911 3704 dilucide
1958 3650 2356 3705 demonstrent.
2412 3650 2674 3705 Mercurii
2728 3648 2925 3704 matris
2980 3666 3184 3704 nomen

558 3734 743 3797 Μαῖα,
796 3729 947 3798 quod
998 3728 1150 3782 valet
1190 3729 1563 3797 ‘matercula’,
1608 3728 1691 3782 nil
1739 3728 1852 3782 nisi
1889 3728 2119 3784 Terram
2166 3733 2406 3784 matrem
2460 3729 2776 3800 significare
2811 3728 3185 3799 probabiliter

560 3809 802 3864 coniecit
830 3808 1107 3862 PreHerus
1129 3807 1369 3878 (Griech.
1391 3808 1741 3877 Mythologie
1758 3809 1778 3839 ⁴
1803 3809 1831 3862 Ι
1857 3827 1911 3877 p.
1943 3813 2083 3881 390).
2142 3809 2429 3865 Phallicae
2458 3827 2628 3878 quam
2657 3826 2916 3865 vocamus
2944 3812 3182 3864 naturae

557 3889 862 3960 vestigium
899 3892 1065 3960 (quae
1116 3904 1147 3942 e
1199 3887 1450 3956 Cyllenio
1500 3887 1776 3942 Mercurio
1828 3888 2011 3956 phalli
2054 3889 2236 3944 instar
2286 3890 2472 3945 efficto
2525 3891 2710 3945 elucet
2759 3890 2853 3962 [cf.
2907 3889 3178 3944 Artemid.

559 3967 839 4022 Oneirocr.
888 3968 914 4020 I
958 3974 1027 4022 45
1085 3969 1144 4022 et
1199 3967 1362 4022 Paus.
1410 3967 1486 4021 VI
1523 3972 1590 4021 26
1609 4010 1622 4035 ,
1660 3974 1720 4035 5,
1766 3967 1868 4021 ubi
1924 3985 2037 4022 una
2093 3986 2220 4023 cum
2264 3970 2538 4024 Mercurio
2584 3970 2947 4025 nominantur
2990 3970 3181 4024 Venus

562 4051 619 4101 et
664 4047 1033 4115 Aesculapius
1047 4049 1107 4119 1])
1158 4046 1430 4101 Rinckius
1478 4046 1760 4116 (Religion
1805 4048 1906 4101 der
1957 4048 2231 4104 Hellenen
2267 4049 2295 4103 I
2338 4068 2392 4119 p.
2426 4052 2549 4121 102)
2598 4050 2752 4106 videt
2798 4050 2859 4106 in
2906 4050 3104 4119 Odyss.
3134 4053 3182 4103 θ

565 4133 667 4180 339
693 4144 832 4195 sqq„
871 4126 971 4180 ubi
1007 4127 1315 4181 Mercurius
1355 4145 1482 4180 cum
1519 4126 1736 4181 Venere
1783 4129 2149 4184 concumbere
2185 4128 2672 4184 vehementissime
2712 4130 2883 4199 cupit.
2956 4130 3180 4183 Addere

560 4206 733 4260 liceat
771 4205 1053 4260 Ciceronis
1100 4206 1285 4260 locum
1322 4207 1443 4279 (ND
1485 4207 1562 4260 111
1590 4213 1684 4275 22,
1715 4210 1829 4278 56):
1897 4210 2251 4276 „Mercurius
2287 4226 2435 4265 unus
2474 4210 2635 4265 Caelo
2653 4217 2835 4280 patre,
2862 4210 2975 4265 Die
3009 4215 3182 4264 matre

557 4293 743 4353 natus,
778 4287 937 4341 cuius
964 4287 1242 4341 obscenius
1277 4288 1515 4342 excitata
1541 4293 1751 4341 natura
1787 4290 2049 4357 traditwr,
2075 4290 2221 4360 quod
2248 4295 2469 4357 aspectu
2497 4291 2863 4361 Proserpinae
2888 4295 3182 4346 commotus

557 4367 680 4421 sitf‘
738 4365 828 4436 (cf.
868 4366 1076 4419 Arnob.
1115 4365 1191 4418 IV
1231 4371 1298 4419 14
1337 4366 1393 4421 C.
1425 4366 1478 4421 S.
1507 4368 1570 4421 E.
1600 4366 1659 4421 L.
1698 4366 1775 4421 IV
1813 4385 1866 4436 p.
1902 4371 2042 4439 152.)
2096 4368 2221 4422 Huc
2256 4369 2540 4437 pertinere
2575 4369 2717 4423 mihi
2754 4370 2990 4438 videtur,
3027 4369 3180 4437 quod

558 4445 894 4499 Plutarchus
942 4445 1033 4515 (de
1080 4445 1149 4499 Is.
1190 4447 1250 4500 et
1295 4445 1386 4499 Os.
1436 4452 1503 4500 68
1551 4464 1606 4515 p
1638 4451 1740 4500 378
1761 4447 1828 4518 Β)
1876 4448 1946 4501 de
2001 4447 2264 4503 Mercurii
2314 4448 2460 4503 festo
2509 4453 2705 4505 narrat
2763 4448 3178 4504 undevicesimo

563 4525 732 4594 primi
768 4524 976 4580 mensis
1015 4525 1107 4579 die
1145 4525 1321 4596 (apud
1358 4525 1670 4595 Aegyptios
1704 4526 1989 4598 videlicet)
2029 4527 2338 4584 celebrato,
2377 4526 2496 4598 μέλι
2532 4532 2628 4584 καὶ
2665 4538 2836 4585 σῦκον
2873 4528 3178 4583 ἐσθίουσιν.

563 4604 709 4669 Quid
745 4605 858 4660 mel
895 4604 1135 4660 valuerit
1171 4604 1231 4658 in
1279 4605 1585 4674 chthoniis,
1623 4606 1978 4661 notissimum
2023 4609 2113 4679 (cf.
2153 4609 2300 4663 infra
2336 4627 2392 4679 p.
2422 4611 2529 4680 46).
2604 4617 2774 4665 σῦκον
2812 4607 3179 4663 fecunditatis

558 4683 805 4764 signum;
844 4685 912 4738 cf.
951 4684 1273 4739 Friedreich
1311 4684 1605 4754 Symbolik
1644 4690 1748 4742 etc.
1797 4705 1853 4755 p.
1886 4692 2004 4742 318.
2081 4689 2301 4744 Baccho
2339 4706 2558 4743 sacrum
2595 4692 2732 4744 erat.
2773 4689 2863 4764 (cf.
2894 4689 3179 4744 Bacchum
