<?xml version="1.0" encoding="UTF-8"?>
<!DOCTYPE html PUBLIC "-//W3C//DTD XHTML 1.0 Transitional//EN"
    "http://www.w3.org/TR/xhtml1/DTD/xhtml1-transitional.dtd">
<html xmlns="http://www.w3.org/1999/xhtml" xml:lang="en" lang="en">
 <head>
  <title>
</title>
<meta http-equiv="Content-Type" content="text/html;charset=utf-8" />
  <meta name='ocr-system' content='tesseract 3.04.00' />
  <meta name='ocr-capabilities' content='ocr_page ocr_carea ocr_par ocr_line ocrx_word'/>
</head>
<body>
  <div class='ocr_page' id='page_1' title='image "./deincubationeca02deubgoog_0069.png"; bbox 0 0 3611 5264; ppageno 0'>
   <div class='ocr_carea' id='block_1_1' title="bbox 1339 344 3035 410">
    <p class='ocr_par' dir='ltr' id='par_1_1' title="bbox 1339 344 3035 410">
     <span class='ocr_line' id='line_1_1' title="bbox 1339 344 3035 410; baseline -0.001 -11"><span class='ocrx_word' id='word_1_1' title='bbox 1339 345 1423 399; x_wconf 92' lang='lat' dir='ltr'>De</span> <span class='ocrx_word' id='word_1_2' title='bbox 1459 345 1823 400; x_wconf 73' lang='lat' dir='ltr'>incubatione</span> <span class='ocrx_word' id='word_1_3' title='bbox 1860 344 2182 400; x_wconf 88' lang='lat' dir='ltr'>christiana.</span> <span class='ocrx_word' id='word_1_4' title='bbox 2952 345 3035 410; x_wconf 81' lang='lat'>57</span> 
     </span>
    </p>
   </div>
   <div class='ocr_carea' id='block_1_2' title="bbox 425 496 3052 3543">
    <p class='ocr_par' dir='ltr' id='par_1_2' title="bbox 425 496 3041 1066">
     <span class='ocr_line' id='line_1_2' title="bbox 606 496 3041 595; baseline 0.001 -24"><span class='ocrx_word' id='word_1_5' title='bbox 606 496 1119 574; x_wconf 79' lang='lat' dir='ltr'>Christianorum</span> <span class='ocrx_word' id='word_1_6' title='bbox 1168 532 1425 593; x_wconf 88' lang='lat' dir='ltr'>quoque</span> <span class='ocrx_word' id='word_1_7' title='bbox 1471 508 1701 595; x_wconf 87' lang='lat' dir='ltr'>religio</span> <span class='ocrx_word' id='word_1_8' title='bbox 1738 509 2019 574; x_wconf 88' lang='lat' dir='ltr'>habebat</span> <span class='ocrx_word' id='word_1_9' title='bbox 2055 512 2249 593; x_wconf 90' lang='lat' dir='ltr'>atque</span> <span class='ocrx_word' id='word_1_10' title='bbox 2286 508 2482 574; x_wconf 90' lang='lat' dir='ltr'>habet</span> <span class='ocrx_word' id='word_1_11' title='bbox 2520 531 2669 574; x_wconf 90' lang='lat' dir='ltr'>suos</span> <span class='ocrx_word' id='word_1_12' title='bbox 2709 510 3041 594; x_wconf 81' lang='lat' dir='ltr'>semideos,</span> 
     </span>
     <span class='ocr_line' id='line_1_3' title="bbox 425 607 3040 692; baseline 0 -20"><span class='ocrx_word' id='word_1_13' title='bbox 425 630 575 672; x_wconf 91' lang='lat' dir='ltr'>suos</span> <span class='ocrx_word' id='word_1_14' title='bbox 621 607 883 672; x_wconf 87' lang='lat' dir='ltr'>heroas:</span> <span class='ocrx_word' id='word_1_15' title='bbox 931 611 1186 673; x_wconf 85' lang='lat' dir='ltr'>sanctos</span> <span class='ocrx_word' id='word_1_16' title='bbox 1234 608 1477 673; x_wconf 85' lang='lat' dir='ltr'>scilicet</span> <span class='ocrx_word' id='word_1_17' title='bbox 1535 611 1995 692; x_wconf 75' lang='lat' dir='ltr'><strong>martyresque.</strong></span> <span class='ocrx_word' id='word_1_18' title='bbox 2084 607 2176 672; x_wconf 87' lang='lat' dir='ltr'>Hi</span> <span class='ocrx_word' id='word_1_19' title='bbox 2232 630 2488 692; x_wconf 91' lang='lat' dir='ltr'>quoque</span> <span class='ocrx_word' id='word_1_20' title='bbox 2545 612 2694 672; x_wconf 90' lang='lat' dir='ltr'>sunt</span> <span class='ocrx_word' id='word_1_21' title='bbox 2747 608 3040 673; x_wconf 91' lang='lat' dir='ltr'>homines</span> 
     </span>
     <span class='ocr_line' id='line_1_4' title="bbox 434 706 3040 791; baseline 0 -21"><span class='ocrx_word' id='word_1_22' title='bbox 434 710 701 790; x_wconf 91' lang='lat' dir='ltr'>propter</span> <span class='ocrx_word' id='word_1_23' title='bbox 766 706 1033 771; x_wconf 87' lang='lat' dir='ltr'>eximias</span> <span class='ocrx_word' id='word_1_24' title='bbox 1098 707 1370 772; x_wconf 88' lang='lat' dir='ltr'>virtutes</span> <span class='ocrx_word' id='word_1_25' title='bbox 1444 706 1853 791; x_wconf 88' lang='lat' dir='ltr'>christianas,</span> <span class='ocrx_word' id='word_1_26' title='bbox 1928 710 2193 790; x_wconf 90' lang='lat' dir='ltr'>propter</span> <span class='ocrx_word' id='word_1_27' title='bbox 2265 706 2465 770; x_wconf 89' lang='lat' dir='ltr'>vitam</span> <span class='ocrx_word' id='word_1_28' title='bbox 2544 706 2682 770; x_wconf 92' lang='lat' dir='ltr'>Deo</span> <span class='ocrx_word' id='word_1_29' title='bbox 2748 707 3040 790; x_wconf 89' lang='lat' dir='ltr'>dicatam,</span> 
     </span>
     <span class='ocr_line' id='line_1_5' title="bbox 430 804 3041 891; baseline 0 -23"><span class='ocrx_word' id='word_1_30' title='bbox 430 808 698 890; x_wconf 90' lang='lat' dir='ltr'>propter</span> <span class='ocrx_word' id='word_1_31' title='bbox 743 805 938 870; x_wconf 91' lang='lat' dir='ltr'>fidem</span> <span class='ocrx_word' id='word_1_32' title='bbox 983 809 1194 870; x_wconf 92' lang='lat' dir='ltr'>morte</span> <span class='ocrx_word' id='word_1_33' title='bbox 1241 805 1558 891; x_wconf 75' lang='lat' dir='ltr'>signatam</span> <span class='ocrx_word' id='word_1_34' title='bbox 1607 804 2011 869; x_wconf 91' lang='lat' dir='ltr'>divinitatem</span> <span class='ocrx_word' id='word_1_35' title='bbox 2060 804 2379 888; x_wconf 88' lang='lat' dir='ltr'>quandam</span> <span class='ocrx_word' id='word_1_36' title='bbox 2424 805 2623 889; x_wconf 82' lang='lat' dir='ltr'>nacti3</span> <span class='ocrx_word' id='word_1_37' title='bbox 2669 805 2740 870; x_wconf 89' lang='lat' dir='ltr'>hi</span> <span class='ocrx_word' id='word_1_38' title='bbox 2786 828 3041 890; x_wconf 92' lang='lat' dir='ltr'>quoque</span> 
     </span>
     <span class='ocr_line' id='line_1_6' title="bbox 427 902 3040 989; baseline 0.001 -23"><span class='ocrx_word' id='word_1_39' title='bbox 427 904 800 989; x_wconf 86' lang='lat' dir='ltr'>adorantur,</span> <span class='ocrx_word' id='word_1_40' title='bbox 866 903 969 967; x_wconf 91' lang='lat' dir='ltr'>his</span> <span class='ocrx_word' id='word_1_41' title='bbox 1035 926 1290 987; x_wconf 92' lang='lat' dir='ltr'>quoque</span> <span class='ocrx_word' id='word_1_42' title='bbox 1346 907 1500 969; x_wconf 90' lang='lat' dir='ltr'>vota</span> <span class='ocrx_word' id='word_1_43' title='bbox 1562 907 2016 987; x_wconf 75' lang='lat' dir='ltr'>nuncupantur</span> <span class='ocrx_word' id='word_1_44' title='bbox 2089 906 2154 967; x_wconf 87' lang='lat' dir='ltr'>et</span> <span class='ocrx_word' id='word_1_45' title='bbox 2219 902 2583 986; x_wconf 87' lang='lat' dir='ltr'>solvuntur,</span> <span class='ocrx_word' id='word_1_46' title='bbox 2647 903 2718 967; x_wconf 93' lang='lat' dir='ltr'>hi</span> <span class='ocrx_word' id='word_1_47' title='bbox 2784 926 3040 989; x_wconf 91' lang='lat' dir='ltr'>quoque</span> 
     </span>
     <span class='ocr_line' id='line_1_7' title="bbox 430 1001 1265 1066; baseline 0 -1"><span class='ocrx_word' id='word_1_48' title='bbox 430 1002 672 1066; x_wconf 86' lang='lat' dir='ltr'>habent</span> <span class='ocrx_word' id='word_1_49' title='bbox 718 1024 904 1066; x_wconf 91' lang='lat' dir='ltr'>suum</span> <span class='ocrx_word' id='word_1_50' title='bbox 951 1001 1265 1066; x_wconf 91' lang='lat' dir='ltr'>cultum.</span> 
     </span>
    </p>

    <p class='ocr_par' dir='ltr' id='par_1_3' title="bbox 428 1099 3052 3543">
     <span class='ocr_line' id='line_1_8' title="bbox 488 1099 3041 1184; baseline -0 -19"><span class='ocrx_word' id='word_1_51' title='bbox 488 1150 509 1157; x_wconf 83' lang='lat'><em>-</em></span> <span class='ocrx_word' id='word_1_52' title='bbox 610 1099 898 1177; x_wconf 84' lang='lat' dir='ltr'>Quorum</span> <span class='ocrx_word' id='word_1_53' title='bbox 947 1104 1313 1164; x_wconf 91' lang='lat' dir='ltr'>sanctorum</span> <span class='ocrx_word' id='word_1_54' title='bbox 1362 1104 1602 1184; x_wconf 90' lang='lat' dir='ltr'>quanta</span> <span class='ocrx_word' id='word_1_55' title='bbox 1647 1100 1846 1165; x_wconf 85' lang='lat' dir='ltr'>fuerit</span> <span class='ocrx_word' id='word_1_56' title='bbox 1891 1121 2095 1184; x_wconf 92' lang='lat' dir='ltr'>usque</span> <span class='ocrx_word' id='word_1_57' title='bbox 2141 1100 2222 1162; x_wconf 92' lang='lat' dir='ltr'>ad</span> <span class='ocrx_word' id='word_1_58' title='bbox 2275 1104 2564 1164; x_wconf 89' lang='lat' dir='ltr'>nostram</span> <span class='ocrx_word' id='word_1_59' title='bbox 2620 1103 2896 1165; x_wconf 89' lang='lat' dir='ltr'>aetatem</span> <span class='ocrx_word' id='word_1_60' title='bbox 2942 1101 3041 1164; x_wconf 90' lang='lat' dir='ltr'>vis</span> 
     </span>
     <span class='ocr_line' id='line_1_9' title="bbox 428 1197 3041 1284; baseline 0 -22"><span class='ocrx_word' id='word_1_61' title='bbox 428 1197 724 1262; x_wconf 90' lang='lat' dir='ltr'>medendi</span> <span class='ocrx_word' id='word_1_62' title='bbox 778 1197 1099 1262; x_wconf 89' lang='lat' dir='ltr'>neminem</span> <span class='ocrx_word' id='word_1_63' title='bbox 1145 1198 1332 1284; x_wconf 85' lang='lat' dir='ltr'>fugit.</span> <span class='ocrx_word' id='word_1_64' title='bbox 1424 1197 1502 1262; x_wconf 93' lang='lat' dir='ltr'>In</span> <span class='ocrx_word' id='word_1_65' title='bbox 1556 1199 1750 1262; x_wconf 89' lang='lat' dir='ltr'>sacris</span> <span class='ocrx_word' id='word_1_66' title='bbox 1809 1221 2030 1263; x_wconf 91' lang='lat' dir='ltr'>eorum</span> <span class='ocrx_word' id='word_1_67' title='bbox 2091 1198 2338 1284; x_wconf 77' lang='lat' dir='ltr'>aegroti</span> <span class='ocrx_word' id='word_1_68' title='bbox 2394 1201 2725 1281; x_wconf 83' lang='lat' dir='ltr'>curantur,</span> <span class='ocrx_word' id='word_1_69' title='bbox 2780 1199 3041 1281; x_wconf 86' lang='lat' dir='ltr'>pariunt</span> 
     </span>
     <span class='ocr_line' id='line_1_10' title="bbox 429 1295 3042 1380; baseline 0 -20"><span class='ocrx_word' id='word_1_70' title='bbox 429 1297 696 1379; x_wconf 91' lang='lat' dir='ltr'>steriles,</span> <span class='ocrx_word' id='word_1_71' title='bbox 733 1296 974 1361; x_wconf 91' lang='lat' dir='ltr'>mortui</span> <span class='ocrx_word' id='word_1_72' title='bbox 1011 1296 1420 1361; x_wconf 89' lang='lat' dir='ltr'>reviviscunt.</span> <span class='ocrx_word' id='word_1_73' title='bbox 1494 1296 1693 1361; x_wconf 89' lang='lat' dir='ltr'>Medii</span> <span class='ocrx_word' id='word_1_74' title='bbox 1731 1297 1873 1361; x_wconf 91' lang='lat' dir='ltr'>aevi</span> <span class='ocrx_word' id='word_1_75' title='bbox 1911 1296 2150 1380; x_wconf 89' lang='lat' dir='ltr'>scripta</span> <span class='ocrx_word' id='word_1_76' title='bbox 2187 1295 2760 1360; x_wconf 81' lang='lat' dir='ltr'>innumerabilibus</span> <span class='ocrx_word' id='word_1_77' title='bbox 2797 1296 3042 1380; x_wconf 88' lang='lat' dir='ltr'>repleta</span> 
     </span>
     <span class='ocr_line' id='line_1_11' title="bbox 429 1392 3042 1481; baseline -0 -22"><span class='ocrx_word' id='word_1_78' title='bbox 429 1399 580 1460; x_wconf 91' lang='lat' dir='ltr'>sunt</span> <span class='ocrx_word' id='word_1_79' title='bbox 626 1394 952 1459; x_wconf 83' lang='lat' dir='ltr'>miraculis</span> <span class='ocrx_word' id='word_1_80' title='bbox 1000 1395 1068 1458; x_wconf 93' lang='lat' dir='ltr'>in</span> <span class='ocrx_word' id='word_1_81' title='bbox 1113 1394 1236 1459; x_wconf 89' lang='lat' dir='ltr'>Dei</span> <span class='ocrx_word' id='word_1_82' title='bbox 1281 1398 1765 1479; x_wconf 86' lang='lat' dir='ltr'>martyrumque</span> <span class='ocrx_word' id='word_1_83' title='bbox 1813 1394 2087 1481; x_wconf 84' lang='lat' dir='ltr'>gloriam</span> <span class='ocrx_word' id='word_1_84' title='bbox 2125 1392 2540 1479; x_wconf 80' lang='lat' dir='ltr'>pervulgatis,</span> <span class='ocrx_word' id='word_1_85' title='bbox 2616 1392 2781 1458; x_wconf 85' lang='lat' dir='ltr'>Sunt</span> <span class='ocrx_word' id='word_1_86' title='bbox 2828 1398 3042 1458; x_wconf 90' lang='lat' dir='ltr'>tamen</span> 
     </span>
     <span class='ocr_line' id='line_1_12' title="bbox 430 1491 3040 1577; baseline -0 -19"><span class='ocrx_word' id='word_1_87' title='bbox 430 1492 726 1558; x_wconf 81' lang='lat' dir='ltr'>nonnulli</span> <span class='ocrx_word' id='word_1_88' title='bbox 795 1515 874 1558; x_wconf 86' lang='lat' dir='ltr'>ex</span> <span class='ocrx_word' id='word_1_89' title='bbox 934 1493 1193 1558; x_wconf 89' lang='lat' dir='ltr'>illorum</span> <span class='ocrx_word' id='word_1_90' title='bbox 1263 1497 1632 1558; x_wconf 90' lang='lat' dir='ltr'>sanctorum</span> <span class='ocrx_word' id='word_1_91' title='bbox 1700 1514 1969 1557; x_wconf 85' lang='lat' dir='ltr'>numero</span> <span class='ocrx_word' id='word_1_92' title='bbox 1981 1544 1999 1577; x_wconf 91' lang='lat'>,</span> <span class='ocrx_word' id='word_1_93' title='bbox 2069 1493 2181 1576; x_wconf 91' lang='lat' dir='ltr'>qui</span> <span class='ocrx_word' id='word_1_94' title='bbox 2254 1491 2571 1575; x_wconf 84' lang='lat' dir='ltr'>imprimis</span> <span class='ocrx_word' id='word_1_95' title='bbox 2639 1493 2706 1556; x_wconf 88' lang='lat' dir='ltr'>vi</span> <span class='ocrx_word' id='word_1_96' title='bbox 2767 1493 3040 1576; x_wconf 88' lang='lat' dir='ltr'>quadam</span> 
     </span>
     <span class='ocr_line' id='line_1_13' title="bbox 434 1589 3043 1676; baseline -0 -21"><span class='ocrx_word' id='word_1_97' title='bbox 434 1590 767 1655; x_wconf 87' lang='lat' dir='ltr'>salutifera</span> <span class='ocrx_word' id='word_1_98' title='bbox 813 1589 1146 1674; x_wconf 84' lang='lat' dir='ltr'>excellant,</span> <span class='ocrx_word' id='word_1_99' title='bbox 1195 1612 1469 1673; x_wconf 91' lang='lat' dir='ltr'>quorum</span> <span class='ocrx_word' id='word_1_100' title='bbox 1516 1592 1584 1656; x_wconf 91' lang='lat' dir='ltr'>in</span> <span class='ocrx_word' id='word_1_101' title='bbox 1629 1591 1889 1674; x_wconf 90' lang='lat' dir='ltr'>templis</span> <span class='ocrx_word' id='word_1_102' title='bbox 1936 1591 2244 1656; x_wconf 92' lang='lat' dir='ltr'>continuo</span> <span class='ocrx_word' id='word_1_103' title='bbox 2282 1590 2657 1655; x_wconf 85' lang='lat' dir='ltr'>versabatur</span> <span class='ocrx_word' id='word_1_104' title='bbox 2693 1611 3043 1676; x_wconf 87' lang='lat' dir='ltr'>permagna</span> 
     </span>
     <span class='ocr_line' id='line_1_14' title="bbox 433 1687 3044 1774; baseline 0 -22"><span class='ocrx_word' id='word_1_105' title='bbox 433 1688 913 1774; x_wconf 85' lang='lat' dir='ltr'>aegrotantium</span> <span class='ocrx_word' id='word_1_106' title='bbox 978 1692 1247 1773; x_wconf 87' lang='lat' dir='ltr'>caterva.</span> <span class='ocrx_word' id='word_1_107' title='bbox 1352 1688 1602 1754; x_wconf 91' lang='lat' dir='ltr'>Horum</span> <span class='ocrx_word' id='word_1_108' title='bbox 1659 1690 1969 1754; x_wconf 89' lang='lat' dir='ltr'>miracula</span> <span class='ocrx_word' id='word_1_109' title='bbox 2026 1690 2139 1772; x_wconf 88' lang='lat' dir='ltr'>qui</span> <span class='ocrx_word' id='word_1_110' title='bbox 2202 1687 2620 1773; x_wconf 87' lang='lat' dir='ltr'>perlustrabit</span> <span class='ocrx_word' id='word_1_111' title='bbox 2673 1689 3044 1772; x_wconf 87' lang='lat' dir='ltr'>videbitque</span> 
     </span>
     <span class='ocr_line' id='line_1_15' title="bbox 432 1786 3046 1873; baseline -0.001 -21"><span class='ocrx_word' id='word_1_112' title='bbox 432 1810 548 1872; x_wconf 91' lang='lat' dir='ltr'>per</span> <span class='ocrx_word' id='word_1_113' title='bbox 595 1787 918 1852; x_wconf 89' lang='lat' dir='ltr'>somnium</span> <span class='ocrx_word' id='word_1_114' title='bbox 967 1809 1273 1871; x_wconf 88' lang='lat' dir='ltr'>apparere</span> <span class='ocrx_word' id='word_1_115' title='bbox 1319 1791 1634 1872; x_wconf 81' lang='lat' dir='ltr'>martyres</span> <span class='ocrx_word' id='word_1_116' title='bbox 1681 1791 1754 1852; x_wconf 91' lang='lat' dir='ltr'>ut</span> <span class='ocrx_word' id='word_1_117' title='bbox 1790 1788 2072 1873; x_wconf 82' lang='lat' dir='ltr'>aegrotis</span> <span class='ocrx_word' id='word_1_118' title='bbox 2119 1786 2401 1851; x_wconf 89' lang='lat' dir='ltr'>remedia</span> <span class='ocrx_word' id='word_1_119' title='bbox 2447 1786 2729 1853; x_wconf 82' lang='lat' dir='ltr'>indicent</span> <span class='ocrx_word' id='word_1_120' title='bbox 2773 1786 2877 1853; x_wconf 92' lang='lat' dir='ltr'>vel</span> <span class='ocrx_word' id='word_1_121' title='bbox 2923 1790 3046 1851; x_wconf 91' lang='lat' dir='ltr'>sta-</span> 
     </span>
     <span class='ocr_line' id='line_1_16' title="bbox 432 1884 3044 1971; baseline -0 -22"><span class='ocrx_word' id='word_1_122' title='bbox 432 1886 550 1950; x_wconf 90' lang='lat' dir='ltr'>tim</span> <span class='ocrx_word' id='word_1_123' title='bbox 599 1908 709 1950; x_wconf 90' lang='lat' dir='ltr'>eos</span> <span class='ocrx_word' id='word_1_124' title='bbox 758 1889 1003 1970; x_wconf 89' lang='lat' dir='ltr'>sanent,</span> <span class='ocrx_word' id='word_1_125' title='bbox 1051 1885 1260 1970; x_wconf 91' lang='lat' dir='ltr'>primo</span> <span class='ocrx_word' id='word_1_126' title='bbox 1310 1884 1543 1951; x_wconf 82' lang='lat' dir='ltr'>sentiet</span> <span class='ocrx_word' id='word_1_127' title='bbox 1590 1885 1823 1951; x_wconf 91' lang='lat' dir='ltr'>obtutu</span> <span class='ocrx_word' id='word_1_128' title='bbox 1868 1890 2148 1950; x_wconf 90' lang='lat' dir='ltr'>veterem</span> <span class='ocrx_word' id='word_1_129' title='bbox 2194 1906 2592 1971; x_wconf 88' lang='lat' dir='ltr'>paganorum</span> <span class='ocrx_word' id='word_1_130' title='bbox 2640 1884 3044 1950; x_wconf 87' lang='lat' dir='ltr'>statuendam</span> 
     </span>
     <span class='ocr_line' id='line_1_17' title="bbox 433 1982 3046 2068; baseline 0 -20"><span class='ocrx_word' id='word_1_131' title='bbox 433 2007 571 2049; x_wconf 89' lang='lat' dir='ltr'>esse</span> <span class='ocrx_word' id='word_1_132' title='bbox 619 1985 1115 2068; x_wconf 88' lang='lat' dir='ltr'>incubationem,</span> <span class='ocrx_word' id='word_1_133' title='bbox 1163 2006 1325 2068; x_wconf 91' lang='lat' dir='ltr'>quae</span> <span class='ocrx_word' id='word_1_134' title='bbox 1371 1984 1466 2048; x_wconf 87' lang='lat' dir='ltr'>nil</span> <span class='ocrx_word' id='word_1_135' title='bbox 1511 1984 1639 2049; x_wconf 90' lang='lat' dir='ltr'>nisi</span> <span class='ocrx_word' id='word_1_136' title='bbox 1685 1987 1929 2054; x_wconf 89' lang='lat' dir='ltr'>vestem</span> <span class='ocrx_word' id='word_1_137' title='bbox 1975 1983 2337 2048; x_wconf 88' lang='lat' dir='ltr'>mutaverit.</span> <span class='ocrx_word' id='word_1_138' title='bbox 2431 1982 2636 2060; x_wconf 84' lang='lat' dir='ltr'>Quam</span> <span class='ocrx_word' id='word_1_139' title='bbox 2691 1983 3046 2048; x_wconf 82' lang='lat' dir='ltr'>incubatio-</span> 
     </span>
     <span class='ocr_line' id='line_1_18' title="bbox 429 2082 3046 2166; baseline -0 -19"><span class='ocrx_word' id='word_1_140' title='bbox 429 2104 576 2147; x_wconf 86' lang='lat' dir='ltr'>nem</span> <span class='ocrx_word' id='word_1_141' title='bbox 624 2087 697 2148; x_wconf 90' lang='lat' dir='ltr'>ut</span> <span class='ocrx_word' id='word_1_142' title='bbox 742 2082 837 2147; x_wconf 92' lang='lat' dir='ltr'>ita</span> <span class='ocrx_word' id='word_1_143' title='bbox 883 2083 1090 2148; x_wconf 92' lang='lat' dir='ltr'>dicam</span> <span class='ocrx_word' id='word_1_144' title='bbox 1136 2083 1551 2148; x_wconf 89' lang='lat' dir='ltr'>christianam</span> <span class='ocrx_word' id='word_1_145' title='bbox 1600 2082 1738 2166; x_wconf 89' lang='lat' dir='ltr'>etsi,</span> <span class='ocrx_word' id='word_1_146' title='bbox 1786 2082 1899 2166; x_wconf 91' lang='lat' dir='ltr'>qui</span> <span class='ocrx_word' id='word_1_147' title='bbox 1946 2084 2023 2147; x_wconf 91' lang='lat' dir='ltr'>de</span> <span class='ocrx_word' id='word_1_148' title='bbox 2070 2082 2480 2147; x_wconf 89' lang='lat' dir='ltr'>incubatione</span> <span class='ocrx_word' id='word_1_149' title='bbox 2526 2082 2734 2147; x_wconf 93' lang='lat' dir='ltr'>adhuc</span> <span class='ocrx_word' id='word_1_150' title='bbox 2781 2082 3046 2166; x_wconf 88' lang='lat' dir='ltr'>scripse-</span> 
     </span>
     <span class='ocr_line' id='line_1_19' title="bbox 438 2179 3047 2267; baseline 0 -22"><span class='ocrx_word' id='word_1_151' title='bbox 438 2185 609 2266; x_wconf 91' lang='lat' dir='ltr'>runt,</span> <span class='ocrx_word' id='word_1_152' title='bbox 657 2182 765 2246; x_wconf 92' lang='lat' dir='ltr'>hic</span> <span class='ocrx_word' id='word_1_153' title='bbox 812 2181 948 2246; x_wconf 91' lang='lat' dir='ltr'>illic</span> <span class='ocrx_word' id='word_1_154' title='bbox 995 2182 1218 2266; x_wconf 88' lang='lat' dir='ltr'>paucis</span> <span class='ocrx_word' id='word_1_155' title='bbox 1266 2182 1638 2267; x_wconf 86' lang='lat' dir='ltr'>attigerunt,</span> <span class='ocrx_word' id='word_1_156' title='bbox 1685 2185 1904 2246; x_wconf 89' lang='lat' dir='ltr'>tamen</span> <span class='ocrx_word' id='word_1_157' title='bbox 1958 2180 2198 2267; x_wconf 86' lang='lat' dir='ltr'>singuli</span> <span class='ocrx_word' id='word_1_158' title='bbox 2251 2183 2505 2244; x_wconf 90' lang='lat' dir='ltr'>tantum</span> <span class='ocrx_word' id='word_1_159' title='bbox 2559 2179 2686 2245; x_wconf 93' lang='lat' dir='ltr'>loci</span> <span class='ocrx_word' id='word_1_160' title='bbox 2746 2181 2827 2244; x_wconf 89' lang='lat' dir='ltr'>ad</span> <span class='ocrx_word' id='word_1_161' title='bbox 2881 2180 3047 2245; x_wconf 86' lang='lat' dir='ltr'>hanc</span> 
     </span>
     <span class='ocr_line' id='line_1_20' title="bbox 432 2278 3048 2365; baseline 0 -22"><span class='ocrx_word' id='word_1_162' title='bbox 432 2301 567 2344; x_wconf 90' lang='lat' dir='ltr'>rem</span> <span class='ocrx_word' id='word_1_163' title='bbox 619 2281 731 2363; x_wconf 92' lang='lat' dir='ltr'>qui</span> <span class='ocrx_word' id='word_1_164' title='bbox 780 2284 1072 2364; x_wconf 87' lang='lat' dir='ltr'>spectant</span> <span class='ocrx_word' id='word_1_165' title='bbox 1117 2284 1269 2345; x_wconf 86' lang='lat' dir='ltr'>sunt</span> <span class='ocrx_word' id='word_1_166' title='bbox 1313 2279 1641 2365; x_wconf 87' lang='lat' dir='ltr'>protracti.</span> <span class='ocrx_word' id='word_1_167' title='bbox 1725 2278 2055 2344; x_wconf 89' lang='lat' dir='ltr'>Nimirum</span> <span class='ocrx_word' id='word_1_168' title='bbox 2103 2280 2441 2364; x_wconf 88' lang='lat' dir='ltr'>ignoscant</span> <span class='ocrx_word' id='word_1_169' title='bbox 2487 2278 2650 2342; x_wconf 89' lang='lat' dir='ltr'>mihi</span> <span class='ocrx_word' id='word_1_170' title='bbox 2703 2278 2828 2342; x_wconf 89' lang='lat' dir='ltr'>viri</span> <span class='ocrx_word' id='word_1_171' title='bbox 2875 2279 3048 2343; x_wconf 91' lang='lat' dir='ltr'>docti</span> 
     </span>
     <span class='ocr_line' id='line_1_21' title="bbox 436 2376 3048 2464; baseline -0 -23"><span class='ocrx_word' id='word_1_172' title='bbox 436 2379 753 2463; x_wconf 90' lang='lat' dir='ltr'>imprimis</span> <span class='ocrx_word' id='word_1_173' title='bbox 801 2377 1109 2464; x_wconf 83' lang='lat' dir='ltr'>theologi,</span> <span class='ocrx_word' id='word_1_174' title='bbox 1158 2380 1211 2442; x_wconf 90' lang='lat' dir='ltr'>si</span> <span class='ocrx_word' id='word_1_175' title='bbox 1260 2401 1422 2462; x_wconf 88' lang='lat' dir='ltr'>quae</span> <span class='ocrx_word' id='word_1_176' title='bbox 1467 2377 1840 2442; x_wconf 89' lang='lat' dir='ltr'>testimonia</span> <span class='ocrx_word' id='word_1_177' title='bbox 1874 2376 2431 2462; x_wconf 83' lang='lat' dir='ltr'>praetermiserim,</span> <span class='ocrx_word' id='word_1_178' title='bbox 2478 2397 2624 2440; x_wconf 84' lang='lat' dir='ltr'>cum</span> <span class='ocrx_word' id='word_1_179' title='bbox 2672 2378 3048 2460; x_wconf 88' lang='lat' dir='ltr'>praesertim</span> 
     </span>
     <span class='ocr_line' id='line_1_22' title="bbox 432 2474 3048 2562; baseline -0.001 -21"><span class='ocrx_word' id='word_1_180' title='bbox 432 2479 502 2541; x_wconf 90' lang='lat' dir='ltr'>in</span> <span class='ocrx_word' id='word_1_181' title='bbox 548 2478 675 2542; x_wconf 92' lang='lat' dir='ltr'>hoc</span> <span class='ocrx_word' id='word_1_182' title='bbox 720 2478 928 2561; x_wconf 91' lang='lat' dir='ltr'>capite</span> <span class='ocrx_word' id='word_1_183' title='bbox 977 2478 1158 2560; x_wconf 90' lang='lat' dir='ltr'>quasi</span> <span class='ocrx_word' id='word_1_184' title='bbox 1196 2476 1661 2562; x_wconf 85' lang='lat' dir='ltr'>peregrinando</span> <span class='ocrx_word' id='word_1_185' title='bbox 1701 2475 1975 2539; x_wconf 90' lang='lat' dir='ltr'>aliorum</span> <span class='ocrx_word' id='word_1_186' title='bbox 2013 2475 2172 2539; x_wconf 91' lang='lat' dir='ltr'>fines</span> <span class='ocrx_word' id='word_1_187' title='bbox 2210 2474 2559 2560; x_wconf 83' lang='lat' dir='ltr'>ingrediar3</span> <span class='ocrx_word' id='word_1_188' title='bbox 2606 2496 2793 2557; x_wconf 91' lang='lat' dir='ltr'>spero</span> <span class='ocrx_word' id='word_1_189' title='bbox 2831 2479 3048 2539; x_wconf 88' lang='lat' dir='ltr'>tamen</span> 
     </span>
     <span class='ocr_line' id='line_1_23' title="bbox 433 2570 3046 2663; baseline -0.001 -24"><span class='ocrx_word' id='word_1_190' title='bbox 433 2575 811 2663; x_wconf 90' lang='lat' dir='ltr'>gravissima</span> <span class='ocrx_word' id='word_1_191' title='bbox 856 2597 894 2638; x_wconf 93' lang='lat' dir='ltr'>a</span> <span class='ocrx_word' id='word_1_192' title='bbox 938 2597 1042 2639; x_wconf 90' lang='lat' dir='ltr'>me</span> <span class='ocrx_word' id='word_1_193' title='bbox 1089 2597 1225 2640; x_wconf 89' lang='lat' dir='ltr'>esse</span> <span class='ocrx_word' id='word_1_194' title='bbox 1272 2574 1572 2660; x_wconf 88' lang='lat' dir='ltr'>collecta,</span> <span class='ocrx_word' id='word_1_195' title='bbox 1619 2596 1781 2658; x_wconf 90' lang='lat' dir='ltr'>quae</span> <span class='ocrx_word' id='word_1_196' title='bbox 1839 2573 2096 2658; x_wconf 89' lang='lat' dir='ltr'>quidem</span> <span class='ocrx_word' id='word_1_197' title='bbox 2154 2595 2234 2638; x_wconf 88' lang='lat' dir='ltr'>ss.</span> <span class='ocrx_word' id='word_1_198' title='bbox 2294 2570 2561 2638; x_wconf 84' lang='lat' dir='ltr'>Cosmae</span> <span class='ocrx_word' id='word_1_199' title='bbox 2617 2577 2682 2638; x_wconf 92' lang='lat' dir='ltr'>et</span> <span class='ocrx_word' id='word_1_200' title='bbox 2727 2572 3046 2658; x_wconf 88' lang='lat' dir='ltr'>Damiani,</span> 
     </span>
     <span class='ocr_line' id='line_1_24' title="bbox 433 2670 3049 2765; baseline -0.001 -26"><span class='ocrx_word' id='word_1_201' title='bbox 433 2698 513 2739; x_wconf 77' lang='lat' dir='ltr'>ss</span> <span class='ocrx_word' id='word_1_202' title='bbox 561 2672 713 2758; x_wconf 87' lang='lat' dir='ltr'>Cyri</span> <span class='ocrx_word' id='word_1_203' title='bbox 760 2677 825 2737; x_wconf 90' lang='lat' dir='ltr'>et</span> <span class='ocrx_word' id='word_1_204' title='bbox 861 2671 1139 2757; x_wconf 79' lang='lat' dir='ltr'>IoanniS,</span> <span class='ocrx_word' id='word_1_205' title='bbox 1186 2696 1232 2737; x_wconf 92' lang='lat' dir='ltr'>s.</span> <span class='ocrx_word' id='word_1_206' title='bbox 1271 2672 1566 2765; x_wconf 72' lang='lat' dir='ltr'>Theclae,</span> <span class='ocrx_word' id='word_1_207' title='bbox 1615 2695 1662 2736; x_wconf 92' lang='lat' dir='ltr'>s.</span> <span class='ocrx_word' id='word_1_208' title='bbox 1701 2671 2131 2756; x_wconf 81' lang='lat' dir='ltr'>Therapontis</span> <span class='ocrx_word' id='word_1_209' title='bbox 2170 2673 2392 2736; x_wconf 87' lang='lat' dir='ltr'>insunt</span> <span class='ocrx_word' id='word_1_210' title='bbox 2428 2670 2843 2758; x_wconf 80' lang='lat' dir='ltr'>miraculis.¹)</span> <span class='ocrx_word' id='word_1_211' title='bbox 2907 2670 3049 2737; x_wconf 88' lang='lat' dir='ltr'>Nec</span> 
     </span>
     <span class='ocr_line' id='line_1_25' title="bbox 432 2769 3046 2855; baseline -0.002 -16"><span class='ocrx_word' id='word_1_212' title='bbox 432 2795 566 2840; x_wconf 87' lang='lat' dir='ltr'>non</span> <span class='ocrx_word' id='word_1_213' title='bbox 611 2772 681 2835; x_wconf 89' lang='lat' dir='ltr'>in</span> <span class='ocrx_word' id='word_1_214' title='bbox 725 2770 828 2834; x_wconf 92' lang='lat' dir='ltr'>his</span> <span class='ocrx_word' id='word_1_215' title='bbox 874 2770 1269 2855; x_wconf 88' lang='lat' dir='ltr'>martyribus</span> <span class='ocrx_word' id='word_1_216' title='bbox 1315 2770 1664 2834; x_wconf 87' lang='lat' dir='ltr'>tractandis</span> <span class='ocrx_word' id='word_1_217' title='bbox 1712 2792 1932 2833; x_wconf 88' lang='lat' dir='ltr'>eruere</span> <span class='ocrx_word' id='word_1_218' title='bbox 1980 2770 2215 2853; x_wconf 89' lang='lat' dir='ltr'>studui,</span> <span class='ocrx_word' id='word_1_219' title='bbox 2260 2792 2416 2833; x_wconf 88' lang='lat' dir='ltr'>num</span> <span class='ocrx_word' id='word_1_220' title='bbox 2464 2770 2632 2834; x_wconf 87' lang='lat' dir='ltr'>forte</span> <span class='ocrx_word' id='word_1_221' title='bbox 2680 2792 2807 2853; x_wconf 91' lang='lat' dir='ltr'>quo</span> <span class='ocrx_word' id='word_1_222' title='bbox 2854 2769 3046 2834; x_wconf 93' lang='lat' dir='ltr'>modo</span> 
     </span>
     <span class='ocr_line' id='line_1_26' title="bbox 434 2864 3050 2956; baseline -0.002 -19"><span class='ocrx_word' id='word_1_223' title='bbox 434 2894 580 2937; x_wconf 90' lang='lat' dir='ltr'>cum</span> <span class='ocrx_word' id='word_1_224' title='bbox 619 2868 900 2933; x_wconf 88' lang='lat' dir='ltr'>cultibus</span> <span class='ocrx_word' id='word_1_225' title='bbox 940 2864 1325 2932; x_wconf 83' lang='lat' dir='ltr'>Graecorum</span> <span class='ocrx_word' id='word_1_226' title='bbox 1364 2867 1628 2956; x_wconf 85' lang='lat' dir='ltr'>deorum</span> <span class='ocrx_word' id='word_1_227' title='bbox 1667 2867 2099 2952; x_wconf 86' lang='lat' dir='ltr'>cohaererent,</span> <span class='ocrx_word' id='word_1_228' title='bbox 2136 2890 2252 2952; x_wconf 92' lang='lat' dir='ltr'>per</span> <span class='ocrx_word' id='word_1_229' title='bbox 2290 2868 2767 2932; x_wconf 91' lang='lat' dir='ltr'>incubationem</span> <span class='ocrx_word' id='word_1_230' title='bbox 2806 2868 3050 2932; x_wconf 90' lang='lat' dir='ltr'>scilicet</span> 
     </span>
     <span class='ocr_line' id='line_1_27' title="bbox 435 2965 3048 3052; baseline -0.002 -17"><span class='ocrx_word' id='word_1_231' title='bbox 435 2969 774 3035; x_wconf 88' lang='lat' dir='ltr'>sanitatem</span> <span class='ocrx_word' id='word_1_232' title='bbox 820 2965 1293 3052; x_wconf 68' lang='lat' dir='ltr'>praebentium,</span> <span class='ocrx_word' id='word_1_233' title='bbox 1333 2988 1461 3049; x_wconf 90' lang='lat' dir='ltr'>qua</span> <span class='ocrx_word' id='word_1_234' title='bbox 1497 2967 1567 3029; x_wconf 90' lang='lat' dir='ltr'>in</span> <span class='ocrx_word' id='word_1_235' title='bbox 1602 2989 1671 3030; x_wconf 92' lang='lat' dir='ltr'>re</span> <span class='ocrx_word' id='word_1_236' title='bbox 1717 2989 1821 3030; x_wconf 90' lang='lat' dir='ltr'>me</span> <span class='ocrx_word' id='word_1_237' title='bbox 1859 2965 2103 3050; x_wconf 90' lang='lat' dir='ltr'>aliquid</span> <span class='ocrx_word' id='word_1_238' title='bbox 2150 2988 2337 3050; x_wconf 91' lang='lat' dir='ltr'>spero</span> <span class='ocrx_word' id='word_1_239' title='bbox 2376 2965 2729 3050; x_wconf 86' lang='lat' dir='ltr'>indagasse.</span> <span class='ocrx_word' id='word_1_240' title='bbox 2805 2966 3048 3031; x_wconf 90' lang='lat' dir='ltr'>Verum</span> 
     </span>
     <span class='ocr_line' id='line_1_28' title="bbox 436 3064 3049 3151; baseline -0.001 -20"><span class='ocrx_word' id='word_1_241' title='bbox 436 3071 780 3149; x_wconf 88' lang='lat' dir='ltr'>antequam</span> <span class='ocrx_word' id='word_1_242' title='bbox 831 3064 978 3129; x_wconf 90' lang='lat' dir='ltr'>illos</span> <span class='ocrx_word' id='word_1_243' title='bbox 1025 3067 1278 3129; x_wconf 89' lang='lat' dir='ltr'>sanctos</span> <span class='ocrx_word' id='word_1_244' title='bbox 1326 3065 1645 3151; x_wconf 86' lang='lat' dir='ltr'>adeamus,</span> <span class='ocrx_word' id='word_1_245' title='bbox 1692 3087 1966 3148; x_wconf 91' lang='lat' dir='ltr'>quorum</span> <span class='ocrx_word' id='word_1_246' title='bbox 2013 3065 2084 3128; x_wconf 89' lang='lat' dir='ltr'>in</span> <span class='ocrx_word' id='word_1_247' title='bbox 2128 3065 2288 3129; x_wconf 89' lang='lat' dir='ltr'>actis</span> <span class='ocrx_word' id='word_1_248' title='bbox 2335 3064 2596 3128; x_wconf 90' lang='lat' dir='ltr'>uberior</span> <span class='ocrx_word' id='word_1_249' title='bbox 2639 3068 2858 3129; x_wconf 88' lang='lat' dir='ltr'>manat</span> <span class='ocrx_word' id='word_1_250' title='bbox 2903 3065 3049 3128; x_wconf 90' lang='lat' dir='ltr'>fons</span> 
     </span>
     <span class='ocr_line' id='line_1_29' title="bbox 437 3162 3051 3248; baseline -0.001 -20"><span class='ocrx_word' id='word_1_251' title='bbox 437 3165 796 3248; x_wconf 89' lang='lat' dir='ltr'>quibusque</span> <span class='ocrx_word' id='word_1_252' title='bbox 826 3163 903 3226; x_wconf 92' lang='lat' dir='ltr'>de</span> <span class='ocrx_word' id='word_1_253' title='bbox 930 3162 1245 3227; x_wconf 92' lang='lat' dir='ltr'>Michaele</span> <span class='ocrx_word' id='word_1_254' title='bbox 1282 3162 1665 3248; x_wconf 89' lang='lat' dir='ltr'>archangelo</span> <span class='ocrx_word' id='word_1_255' title='bbox 1694 3185 1829 3227; x_wconf 89' lang='lat' dir='ltr'>non</span> <span class='ocrx_word' id='word_1_256' title='bbox 1854 3162 2035 3227; x_wconf 91' lang='lat' dir='ltr'>nulla</span> <span class='ocrx_word' id='word_1_257' title='bbox 2063 3163 2548 3246; x_wconf 88' lang='lat' dir='ltr'>praemittemus</span> <span class='ocrx_word' id='word_1_258' title='bbox 2577 3162 2834 3247; x_wconf 90' lang='lat' dir='ltr'>Mauryi</span> <span class='ocrx_word' id='word_1_259' title='bbox 2881 3184 3051 3226; x_wconf 90' lang='lat' dir='ltr'>com-</span> 
     </span>
     <span class='ocr_line' id='line_1_30' title="bbox 435 3261 3050 3346; baseline -0.001 -20"><span class='ocrx_word' id='word_1_260' title='bbox 435 3262 896 3326; x_wconf 90' lang='lat' dir='ltr'>mentationem</span> <span class='ocrx_word' id='word_1_261' title='bbox 943 3261 1528 3346; x_wconf 89' lang='lat' dir='ltr'>ingeniosissimam</span> <span class='ocrx_word' id='word_1_262' title='bbox 1573 3262 1795 3345; x_wconf 89' lang='lat' dir='ltr'>secuti,</span> <span class='ocrx_word' id='word_1_263' title='bbox 1843 3283 1917 3324; x_wconf 90' lang='lat' dir='ltr'>ea</span> <span class='ocrx_word' id='word_1_264' title='bbox 1962 3261 2392 3325; x_wconf 88' lang='lat' dir='ltr'>incubationis</span> <span class='ocrx_word' id='word_1_265' title='bbox 2442 3261 2825 3326; x_wconf 83' lang='lat' dir='ltr'>christianae</span> <span class='ocrx_word' id='word_1_266' title='bbox 2872 3262 3050 3325; x_wconf 89' lang='lat' dir='ltr'>testi-</span> 
     </span>
     <span class='ocr_line' id='line_1_31' title="bbox 435 3358 3052 3445; baseline -0.001 -20"><span class='ocrx_word' id='word_1_267' title='bbox 435 3361 653 3425; x_wconf 88' lang='lat' dir='ltr'>monia</span> <span class='ocrx_word' id='word_1_268' title='bbox 687 3358 1102 3443; x_wconf 76' lang='lat' dir='ltr'>proferemUS,</span> <span class='ocrx_word' id='word_1_269' title='bbox 1150 3359 1384 3443; x_wconf 89' lang='lat' dir='ltr'>quibus</span> <span class='ocrx_word' id='word_1_270' title='bbox 1429 3359 1537 3424; x_wconf 92' lang='lat' dir='ltr'>hic</span> <span class='ocrx_word' id='word_1_271' title='bbox 1574 3358 1711 3423; x_wconf 90' lang='lat' dir='ltr'>illic</span> <span class='ocrx_word' id='word_1_272' title='bbox 1755 3359 2082 3442; x_wconf 89' lang='lat' dir='ltr'>dissipatis</span> <span class='ocrx_word' id='word_1_273' title='bbox 2120 3381 2220 3423; x_wconf 92' lang='lat' dir='ltr'>res</span> <span class='ocrx_word' id='word_1_274' title='bbox 2260 3359 2552 3445; x_wconf 89' lang='lat' dir='ltr'>singulae</span> <span class='ocrx_word' id='word_1_275' title='bbox 2590 3381 2796 3442; x_wconf 91' lang='lat' dir='ltr'>neque</span> <span class='ocrx_word' id='word_1_276' title='bbox 2832 3363 3052 3423; x_wconf 89' lang='lat' dir='ltr'>tamen</span> 
     </span>
     <span class='ocr_line' id='line_1_32' title="bbox 439 3457 1983 3543; baseline -0.001 -20"><span class='ocrx_word' id='word_1_277' title='bbox 439 3481 600 3543; x_wconf 90' lang='lat' dir='ltr'>quae</span> <span class='ocrx_word' id='word_1_278' title='bbox 647 3460 1232 3521; x_wconf 89' lang='lat' dir='ltr'>commemorentur</span> <span class='ocrx_word' id='word_1_279' title='bbox 1279 3457 1579 3543; x_wconf 85' lang='lat' dir='ltr'>indignae</span> <span class='ocrx_word' id='word_1_280' title='bbox 1624 3458 1983 3522; x_wconf 87' lang='lat' dir='ltr'>traduntur.</span> 
     </span>
    </p>
   </div>
   <div class='ocr_carea' id='block_1_3' title="bbox 428 3561 3054 4334">
    <p class='ocr_par' dir='ltr' id='par_1_4' title="bbox 428 3561 3054 4334">
     <span class='ocr_line' id='line_1_33' title="bbox 615 3561 3051 3650; baseline -0 -22"><span class='ocrx_word' id='word_1_281' title='bbox 615 3561 964 3649; x_wconf 80' lang='lat' dir='ltr'>Gregorius</span> <span class='ocrx_word' id='word_1_282' title='bbox 1010 3561 1287 3647; x_wconf 87' lang='lat' dir='ltr'>Magnus</span> <span class='ocrx_word' id='word_1_283' title='bbox 1343 3564 1413 3626; x_wconf 90' lang='lat' dir='ltr'>in</span> <span class='ocrx_word' id='word_1_284' title='bbox 1466 3563 1742 3649; x_wconf 87' lang='lat' dir='ltr'>dialogis</span> <span class='ocrx_word' id='word_1_285' title='bbox 1790 3561 1913 3650; x_wconf 89' lang='lat' dir='ltr'>(HI</span> <span class='ocrx_word' id='word_1_286' title='bbox 1949 3561 2065 3650; x_wconf 85' lang='lat'>38)</span> <span class='ocrx_word' id='word_1_287' title='bbox 2121 3563 2417 3628; x_wconf 88' lang='lat' dir='ltr'>Redemti</span> <span class='ocrx_word' id='word_1_288' title='bbox 2472 3563 2853 3628; x_wconf 84' lang='lat' dir='ltr'>Ferentinae</span> <span class='ocrx_word' id='word_1_289' title='bbox 2898 3565 3051 3627; x_wconf 87' lang='lat' dir='ltr'>civi-</span> 
     </span>
     <span class='ocr_line' id='line_1_34' title="bbox 440 3659 3051 3746; baseline -0.001 -19"><span class='ocrx_word' id='word_1_290' title='bbox 440 3663 593 3727; x_wconf 90' lang='lat' dir='ltr'>tatis</span> <span class='ocrx_word' id='word_1_291' title='bbox 643 3683 805 3746; x_wconf 89' lang='lat' dir='ltr'>quae</span> <span class='ocrx_word' id='word_1_292' title='bbox 854 3665 951 3725; x_wconf 91' lang='lat' dir='ltr'>est</span> <span class='ocrx_word' id='word_1_293' title='bbox 997 3661 1066 3724; x_wconf 84' lang='lat' dir='ltr'>in</span> <span class='ocrx_word' id='word_1_294' title='bbox 1110 3659 1333 3725; x_wconf 92' lang='lat' dir='ltr'>Latio</span> <span class='ocrx_word' id='word_1_295' title='bbox 1381 3661 1668 3746; x_wconf 91' lang='lat' dir='ltr'>episcopi</span> <span class='ocrx_word' id='word_1_296' title='bbox 1724 3662 2039 3726; x_wconf 81' lang='lat' dir='ltr'>visionem</span> <span class='ocrx_word' id='word_1_297' title='bbox 2085 3662 2308 3726; x_wconf 88' lang='lat' dir='ltr'>refert:</span> <span class='ocrx_word' id='word_1_298' title='bbox 2365 3662 2476 3726; x_wconf 91' lang='lat' dir='ltr'>ille</span> <span class='ocrx_word' id='word_1_299' title='bbox 2523 3662 2693 3726; x_wconf 90' lang='lat' dir='ltr'>enim</span> <span class='ocrx_word' id='word_1_300' title='bbox 2738 3664 3051 3745; x_wconf 79' lang='lat' dir='ltr'>„quadam</span> 
     </span>
     <span class='ocr_line' id='line_1_35' title="bbox 439 3760 3053 3842; baseline -0.001 -16"><span class='ocrx_word' id='word_1_301' title='bbox 439 3762 539 3826; x_wconf 86' lang='lat' dir='ltr'>die</span> <span class='ocrx_word' id='word_1_302' title='bbox 583 3762 732 3826; x_wconf 80' lang='lat' dir='ltr'>dam</span> <span class='ocrx_word' id='word_1_303' title='bbox 766 3760 1108 3842; x_wconf 73' lang='lat' dir='ltr'>parochias</span> <span class='ocrx_word' id='word_1_304' title='bbox 1152 3779 1303 3825; x_wconf 79' lang='lat' dir='ltr'>suas</span> <span class='ocrx_word' id='word_1_305' title='bbox 1358 3780 1432 3824; x_wconf 76' lang='lat' dir='ltr'>ex</span> <span class='ocrx_word' id='word_1_306' title='bbox 1484 3780 1651 3824; x_wconf 85' lang='lat' dir='ltr'>more</span> <span class='ocrx_word' id='word_1_307' title='bbox 1706 3760 2006 3838; x_wconf 72' lang='lat' dir='ltr'>circuiret,</span> <span class='ocrx_word' id='word_1_308' title='bbox 2054 3761 2337 3841; x_wconf 73' lang='lat' dir='ltr'>pervenit</span> <span class='ocrx_word' id='word_1_309' title='bbox 2389 3761 2477 3824; x_wconf 81' lang='lat' dir='ltr'>ad</span> <span class='ocrx_word' id='word_1_310' title='bbox 2527 3760 2838 3826; x_wconf 79' lang='lat' dir='ltr'>ecclesiam</span> <span class='ocrx_word' id='word_1_311' title='bbox 2892 3760 3053 3824; x_wconf 84' lang='lat' dir='ltr'>beati</span> 
     </span>
     <span class='ocr_line' id='line_1_36' title="bbox 436 3858 3052 3942; baseline -0.001 -18"><span class='ocrx_word' id='word_1_312' title='bbox 436 3859 732 3942; x_wconf 79' lang='lat' dir='ltr'>Eutychii</span> <span class='ocrx_word' id='word_1_313' title='bbox 785 3858 1102 3941; x_wconf 66' lang='lat' dir='ltr'>martyris.</span> <span class='ocrx_word' id='word_1_314' title='bbox 1169 3859 1821 3939; x_wconf 73' lang='lat' dir='ltr'>advesperascente</span> <span class='ocrx_word' id='word_1_315' title='bbox 1884 3863 2089 3923; x_wconf 81' lang='lat' dir='ltr'>autem</span> <span class='ocrx_word' id='word_1_316' title='bbox 2154 3859 2253 3923; x_wconf 87' lang='lat' dir='ltr'>die</span> <span class='ocrx_word' id='word_1_317' title='bbox 2314 3863 2633 3922; x_wconf 80' lang='lat' dir='ltr'>stratam</span> <span class='ocrx_word' id='word_1_318' title='bbox 2686 3859 2869 3924; x_wconf 70' lang='lat' dir='ltr'>fieri</span> <span class='ocrx_word' id='word_1_319' title='bbox 2931 3858 3052 3922; x_wconf 85' lang='lat' dir='ltr'>sibi</span> 
     </span>
     <span class='ocr_line' id='line_1_37' title="bbox 436 3956 3054 4039; baseline -0.001 -18"><span class='ocrx_word' id='word_1_320' title='bbox 436 3958 652 4021; x_wconf 77' lang='lat' dir='ltr'>iuxta</span> <span class='ocrx_word' id='word_1_321' title='bbox 696 3956 1112 4038; x_wconf 79' lang='lat' dir='ltr'>sepulcrum</span> <span class='ocrx_word' id='word_1_322' title='bbox 1149 3956 1511 4037; x_wconf 75' lang='lat' dir='ltr'>martyris</span> <span class='ocrx_word' id='word_1_323' title='bbox 1549 3956 1744 4021; x_wconf 81' lang='lat' dir='ltr'>voluit</span> <span class='ocrx_word' id='word_1_324' title='bbox 1767 3961 1949 4038; x_wconf 79' lang='lat' dir='ltr'>atque</span> <span class='ocrx_word' id='word_1_325' title='bbox 1975 3957 2065 4021; x_wconf 81' lang='lat' dir='ltr'>ibi</span> <span class='ocrx_word' id='word_1_326' title='bbox 2087 3962 2235 4039; x_wconf 82' lang='lat' dir='ltr'>post</span> <span class='ocrx_word' id='word_1_327' title='bbox 2270 3956 2537 4021; x_wconf 83' lang='lat' dir='ltr'>laborem</span> <span class='ocrx_word' id='word_1_328' title='bbox 2572 3957 2884 4038; x_wconf 79' lang='lat' dir='ltr'>quievit:</span> <span class='ocrx_word' id='word_1_329' title='bbox 2912 3978 3054 4020; x_wconf 82' lang='lat' dir='ltr'>cam</span> 
     </span>
     <span class='ocr_line' id='line_1_38' title="bbox 437 4054 3054 4137; baseline -0 -18"><span class='ocrx_word' id='word_1_330' title='bbox 437 4059 642 4119; x_wconf 72' lang='lat' dir='ltr'>nocte</span> <span class='ocrx_word' id='word_1_331' title='bbox 698 4054 967 4137; x_wconf 81' lang='lat' dir='ltr'>media,</span> <span class='ocrx_word' id='word_1_332' title='bbox 1022 4058 1093 4118; x_wconf 77' lang='lat' dir='ltr'>ut</span> <span class='ocrx_word' id='word_1_333' title='bbox 1154 4054 1486 4137; x_wconf 75' lang='lat' dir='ltr'>asserebat,</span> <span class='ocrx_word' id='word_1_334' title='bbox 1541 4075 1668 4118; x_wconf 75' lang='lat' dir='ltr'>nec</span> <span class='ocrx_word' id='word_1_335' title='bbox 1712 4054 2125 4120; x_wconf 80' lang='lat' dir='ltr'>dormiebat</span> <span class='ocrx_word' id='word_1_336' title='bbox 2181 4076 2307 4119; x_wconf 75' lang='lat' dir='ltr'>nec</span> <span class='ocrx_word' id='word_1_337' title='bbox 2357 4056 2681 4136; x_wconf 79' lang='lat' dir='ltr'>perfecte</span> <span class='ocrx_word' id='word_1_338' title='bbox 2733 4055 3054 4137; x_wconf 75' lang='lat' dir='ltr'>viyilare</span> 
     </span>
     <span class='ocr_line' id='line_1_39' title="bbox 428 4148 3051 4237; baseline -0.001 -20"><span class='ocrx_word' id='word_1_339' title='bbox 428 4156 730 4235; x_wconf 87' lang='lat' dir='ltr'>poterat</span> <span class='ocrx_word' id='word_1_340' title='bbox 749 4148 819 4237; x_wconf 69' lang='lat'>2),</span> <span class='ocrx_word' id='word_1_341' title='bbox 847 4153 955 4217; x_wconf 81' lang='lat' dir='ltr'>sed</span> <span class='ocrx_word' id='word_1_342' title='bbox 982 4152 1316 4236; x_wconf 76' lang='lat' dir='ltr'>depressuS,</span> <span class='ocrx_word' id='word_1_343' title='bbox 1343 4157 1414 4216; x_wconf 79' lang='lat' dir='ltr'>ut</span> <span class='ocrx_word' id='word_1_344' title='bbox 1438 4151 1599 4237; x_wconf 79' lang='lat' dir='ltr'>solet,</span> <span class='ocrx_word' id='word_1_345' title='bbox 1627 4173 1841 4218; x_wconf 75' lang='lat' dir='ltr'>somno</span> <span class='ocrx_word' id='word_1_346' title='bbox 1873 4152 2257 4234; x_wconf 75' lang='lat' dir='ltr'>yravabatur</span> <span class='ocrx_word' id='word_1_347' title='bbox 2284 4152 2550 4233; x_wconf 79' lang='lat' dir='ltr'>quodam</span> <span class='ocrx_word' id='word_1_348' title='bbox 2565 4153 2840 4234; x_wconf 79' lang='lat' dir='ltr'>pondere</span> <span class='ocrx_word' id='word_1_349' title='bbox 2866 4153 3051 4235; x_wconf 72' lang='lat' dir='ltr'>viyi-</span> 
     </span>
     <span class='ocr_line' id='line_1_40' title="bbox 439 4246 3051 4334; baseline 0 -20"><span class='ocrx_word' id='word_1_350' title='bbox 439 4250 607 4315; x_wconf 78' lang='lat' dir='ltr'>lans</span> <span class='ocrx_word' id='word_1_351' title='bbox 651 4249 981 4327; x_wconf 72' lang='lat' dir='ltr'>anima35</span> <span class='ocrx_word' id='word_1_352' title='bbox 1020 4254 1201 4331; x_wconf 78' lang='lat' dir='ltr'>atque</span> <span class='ocrx_word' id='word_1_353' title='bbox 1235 4254 1379 4314; x_wconf 76' lang='lat' dir='ltr'>ante</span> <span class='ocrx_word' id='word_1_354' title='bbox 1414 4270 1553 4314; x_wconf 79' lang='lat' dir='ltr'>eam</span> <span class='ocrx_word' id='word_1_355' title='bbox 1590 4251 1751 4314; x_wconf 82' lang='lat' dir='ltr'>idem</span> <span class='ocrx_word' id='word_1_356' title='bbox 1786 4251 1996 4315; x_wconf 77' lang='lat' dir='ltr'>beatus</span> <span class='ocrx_word' id='word_1_357' title='bbox 2031 4251 2273 4333; x_wconf 75' lang='lat' dir='ltr'>martyr</span> <span class='ocrx_word' id='word_1_358' title='bbox 2307 4250 2653 4333; x_wconf 59' lang='lat' dir='ltr'>Eutychia-s*</span> <span class='ocrx_word' id='word_1_359' title='bbox 2689 4246 3051 4334; x_wconf 62' lang='lat' dir='ltr'>adstititss)</span> 
     </span>
    </p>
   </div>
   <div class='ocr_carea' id='block_1_4' title="bbox 439 4403 866 4413">
    <p class='ocr_par' dir='ltr' id='par_1_5' title="bbox 439 4403 866 4413">
     <span class='ocr_line' id='line_1_41' title="bbox 439 4403 866 4413; baseline 0 851"><span class='ocrx_word' id='word_1_360' title='bbox 439 4403 866 4413; x_wconf 95' lang='lat' dir='ltr'> </span> 
     </span>
    </p>
   </div>
   <div class='ocr_carea' id='block_1_5' title="bbox 442 4494 3049 4812">
    <p class='ocr_par' dir='ltr' id='par_1_6' title="bbox 442 4494 3049 4647">
     <span class='ocr_line' id='line_1_42' title="bbox 620 4494 3049 4570; baseline -0.002 -18"><span class='ocrx_word' id='word_1_361' title='bbox 620 4501 671 4570; x_wconf 92' lang='lat'>1)</span> <span class='ocrx_word' id='word_1_362' title='bbox 708 4497 836 4553; x_wconf 87' lang='lat' dir='ltr'>Non</span> <span class='ocrx_word' id='word_1_363' title='bbox 880 4496 1040 4551; x_wconf 91' lang='lat' dir='ltr'>nulla</span> <span class='ocrx_word' id='word_1_364' title='bbox 1085 4513 1115 4550; x_wconf 91' lang='lat' dir='ltr'>e</span> <span class='ocrx_word' id='word_1_365' title='bbox 1164 4496 1385 4551; x_wconf 91' lang='lat' dir='ltr'>schedis</span> <span class='ocrx_word' id='word_1_366' title='bbox 1433 4495 1547 4550; x_wconf 87' lang='lat' dir='ltr'>suis</span> <span class='ocrx_word' id='word_1_367' title='bbox 1592 4494 1995 4566; x_wconf 83' lang='lat' dir='ltr'>benignissime</span> <span class='ocrx_word' id='word_1_368' title='bbox 2049 4495 2188 4550; x_wconf 90' lang='lat' dir='ltr'>mihi</span> <span class='ocrx_word' id='word_1_369' title='bbox 2234 4496 2476 4551; x_wconf 87' lang='lat' dir='ltr'>tradidit</span> <span class='ocrx_word' id='word_1_370' title='bbox 2540 4498 2845 4563; x_wconf 88' lang='lat' dir='ltr'>Usenerus,</span> <span class='ocrx_word' id='word_1_371' title='bbox 2894 4494 3049 4547; x_wconf 87' lang='lat' dir='ltr'>cuius</span> 
     </span>
     <span class='ocr_line' id='line_1_43' title="bbox 442 4576 2547 4647; baseline 0 -16"><span class='ocrx_word' id='word_1_372' title='bbox 442 4578 676 4633; x_wconf 88' lang='lat' dir='ltr'>consilio</span> <span class='ocrx_word' id='word_1_373' title='bbox 705 4576 931 4633; x_wconf 89' lang='lat' dir='ltr'>omnino</span> <span class='ocrx_word' id='word_1_374' title='bbox 970 4576 1135 4630; x_wconf 87' lang='lat' dir='ltr'>valde</span> <span class='ocrx_word' id='word_1_375' title='bbox 1172 4593 1261 4630; x_wconf 89' lang='lat' dir='ltr'>me</span> <span class='ocrx_word' id='word_1_376' title='bbox 1300 4577 1556 4630; x_wconf 88' lang='lat' dir='ltr'>adiutum</span> <span class='ocrx_word' id='word_1_377' title='bbox 1592 4592 1712 4631; x_wconf 88' lang='lat' dir='ltr'>esse</span> <span class='ocrx_word' id='word_1_378' title='bbox 1748 4580 1915 4647; x_wconf 86' lang='lat' dir='ltr'>grato</span> <span class='ocrx_word' id='word_1_379' title='bbox 1951 4578 2215 4647; x_wconf 87' lang='lat' dir='ltr'>profiteor</span> <span class='ocrx_word' id='word_1_380' title='bbox 2253 4577 2456 4633; x_wconf 89' lang='lat' dir='ltr'>animo.</span> <span class='ocrx_word' id='word_1_381' title='bbox 2543 4620 2547 4625; x_wconf 93' lang='lat'>.</span> 
     </span>
    </p>

    <p class='ocr_par' dir='ltr' id='par_1_7' title="bbox 623 4654 3002 4729">
     <span class='ocr_line' id='line_1_44' title="bbox 623 4654 3002 4729; baseline -0.002 -17"><span class='ocrx_word' id='word_1_382' title='bbox 623 4662 677 4729; x_wconf 77' lang='lat'>2)</span> <span class='ocrx_word' id='word_1_383' title='bbox 713 4657 798 4712; x_wconf 89' lang='lat' dir='ltr'>De</span> <span class='ocrx_word' id='word_1_384' title='bbox 833 4658 945 4711; x_wconf 91' lang='lat' dir='ltr'>hac</span> <span class='ocrx_word' id='word_1_385' title='bbox 980 4655 1308 4711; x_wconf 89' lang='lat' dir='ltr'>condicione</span> <span class='ocrx_word' id='word_1_386' title='bbox 1345 4655 1493 4711; x_wconf 90' lang='lat' dir='ltr'>inter</span> <span class='ocrx_word' id='word_1_387' title='bbox 1529 4656 1920 4712; x_wconf 88' lang='lat' dir='ltr'>somniandum</span> <span class='ocrx_word' id='word_1_388' title='bbox 1959 4674 2025 4713; x_wconf 86' lang='lat' dir='ltr'>ac</span> <span class='ocrx_word' id='word_1_389' title='bbox 2062 4657 2413 4729; x_wconf 84' lang='lat' dir='ltr'>vigilandum</span> <span class='ocrx_word' id='word_1_390' title='bbox 2448 4657 2732 4727; x_wconf 87' lang='lat' dir='ltr'>pendente</span> <span class='ocrx_word' id='word_1_391' title='bbox 2770 4654 2839 4708; x_wconf 87' lang='lat' dir='ltr'>cf.</span> <span class='ocrx_word' id='word_1_392' title='bbox 2869 4673 2921 4724; x_wconf 87' lang='lat' dir='ltr'>p.</span> <span class='ocrx_word' id='word_1_393' title='bbox 2952 4660 3002 4708; x_wconf 84' lang='lat'>4.</span> 
     </span>
    </p>

    <p class='ocr_par' dir='ltr' id='par_1_8' title="bbox 620 4734 1683 4812">
     <span class='ocr_line' id='line_1_45' title="bbox 620 4734 1683 4812; baseline 0.001 -20"><span class='ocrx_word' id='word_1_394' title='bbox 620 4742 674 4812; x_wconf 86' lang='lat'>3)</span> <span class='ocrx_word' id='word_1_395' title='bbox 712 4737 872 4805; x_wconf 84' lang='lat' dir='ltr'>Quod</span> <span class='ocrx_word' id='word_1_396' title='bbox 910 4737 1122 4794; x_wconf 82' lang='lat' dir='ltr'>Graece</span> <span class='ocrx_word' id='word_1_397' title='bbox 1159 4734 1378 4808; x_wconf 78' lang='grc' dir='ltr'><strong><em>ἐπέστη,</em></strong></span> <span class='ocrx_word' id='word_1_398' title='bbox 1417 4736 1486 4792; x_wconf 88' lang='lat' dir='ltr'>cf.</span> <span class='ocrx_word' id='word_1_399' title='bbox 1514 4756 1569 4812; x_wconf 84' lang='lat' dir='ltr'>p.</span> <span class='ocrx_word' id='word_1_400' title='bbox 1601 4744 1683 4793; x_wconf 89' lang='lat'>11.</span> 
     </span>
    </p>
   </div>
  </div>
 </body>
</html>
