3611 5264
603 363 683 426 16
1755 359 1940 429 Caput
1974 360 2042 415 Π.

739 519 967 576 ἐοίκασι.
1043 520 1203 574 Faba
1235 519 1295 572 in
1334 518 1558 573 eroticis
1597 517 1735 587 quid
1771 518 2028 585 valuerit,
2066 537 2114 573 v.
2155 517 2307 587 apud
2341 517 2784 572 Friedreichium
2822 517 3116 587 Symbolik
3158 536 3212 574 u.

739 600 1092 670 Mythologie
1127 600 1227 653 der
1254 598 1454 667 Natur,
1491 598 1842 668 Wuerzburg
1874 603 2010 652 1859
2039 616 2093 667 p.
2125 603 2225 652 201
2249 615 2330 666 sq.
2405 598 2621 653 Fabam
2649 598 2800 668 apud
2828 598 3214 668 Pythagoreos

738 680 977 733 vetitam
1020 679 1195 733 fuisse
1242 677 1598 732 notissimum
1643 680 1729 732 est
1772 677 2024 745 locisque
2098 677 2606 732 innumerabilibus
2658 677 3000 747 exprimitur.
3077 677 3216 732 Con-

741 761 1036 813 senserunt
1073 774 1199 812 cum
1235 757 1609 828 Pythagoreis
1648 757 1878 827 Orphici
1916 760 1975 822 et
2011 757 2329 811 sacerdotes
2357 757 2651 825 Eleusinii,
2689 773 2802 825 qua
2840 756 2910 810 de
2937 773 2997 811 re
3025 774 3075 812 v.
3107 758 3211 811 Lo-

737 839 883 892 beck
924 837 1197 908 Aglaoph.
1236 856 1291 907 p.
1322 843 1423 891 251
1447 854 1567 905 sqq.
1618 869 1686 878 —
1732 837 1891 891 Faba
1936 836 1998 890 in
2042 836 2306 906 magicis:
2355 837 2616 906 Wessely
2661 835 2865 890 Griech
2902 836 3003 891 ZP.
3042 854 3096 906 p.
3127 842 3214 905 87,

740 924 897 973 2682.
949 919 1177 986 κυαμών
1240 916 1317 973 ib.
1365 922 1462 986 40,
1494 923 1621 985 7693
1666 923 1763 986 44,
1802 923 1921 972 941.
2006 916 2217 986 κύαμος
2271 916 2570 988 Αἰγύπτιος
2617 914 2904 971 Dieterich
2958 915 3214 969 Abraxas

741 1016 793 1067 p.
827 1003 948 1065 171,
979 1003 1010 1050 6
1032 1015 1112 1066 sq.
1188 995 1391 1064 ὄσπρια
1429 995 1716 1050 Dieterich
1743 996 1880 1065 Pap.
1909 1012 2058 1065 mag.
2087 997 2113 1048 I
2142 1004 2191 1050 2.
2220 1014 2268 1052 v.
2310 995 2485 1050 etiam
2510 994 2797 1049 Dieterich
2825 994 2900 1049 ib.
2929 1013 2983 1064 p.
3016 1000 3136 1064 784,
3163 1002 3211 1048 2.

740 1076 946 1131 Abrax.
986 1096 1038 1147 p.
1072 1082 1174 1131 158
1213 1076 1374 1130 Anm.
1450 1075 1606 1130 Riess
1642 1075 2125 1145 Pauly-Wissowa
2163 1094 2204 1129 S.
2235 1094 2281 1129 v.
2320 1075 2682 1144 Aberglaube
2718 1093 2772 1144 p.
2803 1079 2887 1129 53.

599 1220 1088 1286 Vetabantur
1142 1221 1512 1285 animalia
1559 1220 1742 1285 edere
1789 1221 1902 1305 qui
1948 1220 2153 1286 Fauni
2199 1220 2463 1286 adibant
2499 1218 2914 1307 oraculum1).

739 1351 1104 1421 Pythagorei,
1145 1351 1244 1420 qui
1281 1352 1470 1407 omnia
1507 1351 1826 1419 evitabant,
1865 1349 2002 1407 ὅσα.
2037 1353 2150 1414 ,εἰς
2185 1351 2458 1421 μαντικὴν
2505 1348 2822 1417 ἐνεπόδιζεν
2865 1348 2902 1420 ἢ
2940 1351 3080 1419 πρὸς
3115 1372 3212 1405 κα-

737 1430 1029 1502 θαρότητα
1057 1440 1155 1501 τῆς
1182 1440 1368 1503 ψυχῆς
1394 1433 1493 1486 καὶ
1519 1432 1818 1502 εύαύγειαν
1846 1431 2062 1502 (Iambl.
2099 1449 2148 1486 v,
2178 1427 2342 1500 Pyth.
2374 1437 2442 1484 24
2469 1449 2523 1500 p.
2546 1436 2634 1499 78,
2656 1436 2722 1484 15
2733 1430 2843 1501 N),
2873 1429 3212 1485 animalibus

743 1528 966 1580 quoque
1016 1511 1416 1567 abstinebant=
1462 1511 1594 1566 vide
1641 1528 1722 1566 ex.
1768 1529 1851 1580 gr.
1893 1510 2049 1566 Ovid.
2088 1513 2219 1565 met.
2258 1511 2362 1564 XV
2401 1516 2467 1564 72
2498 1528 2649 1579 sqq:
2694 1513 3046 1580 „primusque
3092 1513 3213 1565 ani-

739 1594 913 1648 malia
957 1594 1156 1648 mensis
1187 1595 1195 1663 Ι
1226 1594 1416 1664 arywit
1460 1594 1708 1663 imponi“
1744 1607 1791 1645 e.
1822 1609 1873 1660 q.
1905 1609 1945 1646 s.
1994 1590 2323 1661 Apollonius
2368 1590 2466 1644 ille
2513 1590 2849 1660 TyanensiS,
2895 1591 2996 1659 qui
3032 1592 3213 1645 totam

738 1689 838 1743 per
881 1672 1057 1726 vitam
1102 1670 1502 1742 εύθυονειρίαν
1547 1672 1659 1725 sibi
1704 1687 1924 1725 servare
1976 1671 2243 1725 studebat
2288 1670 2379 1740 (cf.
2418 1670 2566 1724 infra
2601 1689 2655 1740 p.
2694 1673 2785 1740 25)
2831 1671 3100 1739 cuiusque
3136 1669 3214 1724 vi-

743 1752 913 1824 vendi
949 1752 1094 1806 ratio
1133 1769 1261 1805 cum
1297 1752 1777 1822 Pythagoreorum
1813 1751 2133 1822 praeceptis
2179 1750 2439 1805 nonnihil
2476 1750 2843 1819 cohaerebat,
2888 1750 3212 1821 τραγήματα

743 1876 753 1886 .
787 1876 797 1886 .
845 1832 942 1886 καὶ
997 1830 1214 1901 λάχανα
1279 1830 1534 1900 ἐσιτεῖτο,
1589 1830 1822 1900 καθαρὰ
1875 1827 2023 1887 εἶναι
2077 1831 2336 1900 φάσκων,
2388 1829 2569 1886 ὁπόσα
2626 1830 2659 1899 ἡ
2714 1838 2784 1900 γῆ
2832 1830 2972 1899 αὐτὴ
3020 1829 3213 1883 δίδωσι

742 1911 1004 1966 Philostr.
1042 1912 1109 1966 V.
1148 1910 1330 1980 Apoll.
1369 1912 1396 1965 I
1424 1918 1455 1966 8
1492 1930 1546 1980 p.
1579 1918 1626 1980 7,
1657 1917 1726 1966 23
1745 1911 1812 1966 Κ.
1852 1911 1921 1966 cf.
1960 1911 2035 1965 ib.
2066 1911 2195 1966 Vm
2225 1917 2254 1965 7
2283 1929 2337 1980 p.
2368 1916 2490 1979 314,
2522 1916 2586 1963 11
2607 1909 2700 1964 K.:
2737 1909 2878 1978 ὑπὲρ
2905 1919 3018 1965 τῶν
3046 1909 3212 1978 ἐμαυ-

745 2000 844 2046 τοῦ
913 1989 1127 2059 σιτίων,
1188 1992 1262 2053 ὡς
1314 1991 1485 2045 λεπτὰ
1540 1993 1637 2046 καὶ
1682 1989 1825 2061 ἡδίω
1869 2000 1968 2061 τῆς
2022 1989 2222 2059 ἑτέρων
2266 1989 2594 2061 συβοίριδος,
2653 1990 2714 2045 ἐν
2769 1988 2912 2062 ἀρχῇ
2973 1990 3210 2060 εἴρηται.

738 2069 902 2126 τοῦτό
939 2090 1050 2140 μοι,
1088 2065 1131 2124 ὦ
1179 2073 1431 2142 βασιλεῦ,
1476 2071 1577 2134 τὰς
1622 2071 1916 2140 αἰσθήσεις
1954 2071 2016 2126 ἐν
2052 2068 2257 2145 αἰθρίᾳ
2292 2090 2405 2124 τινι
2440 2069 2737 2143 ἀπορρήτῳ
2775 2067 3039 2139 φυλάττει
3074 2071 3212 2125 κούκ

741 2153 804 2226 ἐᾷ
857 2151 1097 2220 θολερὸν
1143 2152 1272 2220 περὶ
1317 2151 1493 2213 αὐτὰς
1538 2150 1705 2206 οὐδὲν
1753 2147 1918 2219 εἶναι,
1960 2153 2161 2218 διορᾶν
2206 2169 2289 2218 τε,
2342 2149 2521 2219 ὥσπερ
2568 2149 2630 2204 ἐν
2685 2147 2999 2218 κατόπτρου
3050 2151 3212 2221 αύγῇ,

738 2230 926 2287 πάντα
972 2229 1275 2301 γιγνόμενά
1324 2249 1382 2285 τε
1428 2232 1525 2285 καὶ
1572 2228 1822 2300 ἐσόμενα.
1897 2230 2055 2285 Alios
2104 2246 2351 2298 quoque,
2399 2230 2678 2296 quomodo
2722 2229 3020 2299 perspicua
3068 2230 3213 2283 acci-

737 2314 935 2381 perent
981 2311 1224 2380 somnia,
1272 2311 1535 2380 Pergami
1587 2312 1855 2379 docebat,
1893 2311 1968 2365 ib.
2008 2310 2087 2364 IV
2116 2316 2197 2365 11.
2281 2309 2364 2363 De
2420 2308 2624 2377 quibus
2679 2309 2937 2363 omnibus
2992 2308 3214 2379 longior

740 2391 863 2444 fieri
910 2408 1022 2445 non
1067 2407 1312 2460 possum.
1387 2389 1632 2444 Maxime
1677 2393 1870 2444 tamen
1914 2389 2023 2444 hac
2059 2389 2120 2442 in
2156 2406 2216 2443 re
2251 2387 2633 2442 memorabilis
2672 2390 2730 2442 et
2775 2387 2873 2454 qui
2910 2389 3215 2442 adnotetur

742 2471 1106 2540 dignissimus
1144 2470 1367 2524 videtur
1402 2471 1558 2524 locus
1593 2469 1797 2539 prioris
1834 2469 2035 2540 papyri
2067 2469 2488 2538 Partheyanae,
2527 2466 2627 2521 ubi
2664 2466 2872 2520 dicitur
2909 2467 3075 2521 deum
3113 2469 3212 2521 ad-

740 2552 1003 2604 vocatum
1052 2550 1241 2604 omnia
1285 2549 1673 2620 praebiturum
1721 2549 1782 2604 ἐκ
1831 2559 1944 2605 τῶν
1998 2548 2415 2617 ἐδεσμάτων...
2440 2592 2451 2604 .
2472 2549 2638 2618 χωρὶς
2687 2547 2905 2618 ἰχθύων
2929 2545 3061 2619 ’[μό]
3079 2568 3214 2616 νων,

737 2630 1049 2703 λαχάνων
1100 2629 1172 2685 δὲ
1226 2635 1512 2701 πλῆθος,
1548 2628 1600 2686 ’ὃ
1653 2628 1909 2697 θέλεις,
1965 2629 2085 2695 ἄξει
2157 2628 2402 2698 Parthey
2457 2627 2606 2683 Zwei
2650 2628 2796 2683 Berl.
2848 2627 2949 2683 ZP.
2987 2646 3042 2697 p.
3090 2634 3209 2696 122,

742 2717 843 2765 103
865 2729 983 2779 sqq.
1046 2710 1263 2764 Deinde
1300 2710 1368 2765 cf.
1406 2712 1664 2781 Wessely
1701 2711 1792 2766 Gr.
1824 2712 1924 2766 ZP.
1962 2729 2016 2780 p.
2048 2717 2133 2779 39,
2164 2714 2267 2764 734
2286 2725 2433 2777 sqq.:
2472 2707 2850 2780 συναγνευέτω
2889 2726 2978 2763 σοι
3006 2706 3213 2778 ἡμέρας

737 2793 835 2846 καὶ
871 2789 1274 2862 ἀποσχέσθω
1312 2790 1632 2862 ἐμψύχων
1677 2792 1775 2846 καὶ
1811 2788 2126 2863 βαλανείου.
2195 2790 2263 2845 cf.
2301 2790 2376 2845 ib.
2417 2796 2503 2856 22,
2533 2795 2599 2843 52
2630 2807 2775 2858 sqq:
2827 2790 3212 2860 προαγνεύσας

737 2872 785 2936 ζ’
842 2870 1082 2941 ἡμέρας.
1107 2914 1153 2927 ..
1185 2868 1429 2941 ἐναίμων
1479 2873 1577 2926 καὶ
1631 2871 1970 2944 ἀνεψε[τῶν]
2017 2868 2362 2942 ἀπεχόμενος
2415 2873 2525 2925 κτλ.
2600 2869 2856 2937 Denique
2912 2887 2960 2923 v.
3018 2868 3208 2922 Parth.

742 2957 860 3019 120,
890 2957 957 3003 22
979 2968 1086 3019 sq.:
1125 2950 1364 3021 ποίησον
1399 2950 1721 3019 παράθεσιν
1758 2951 1820 3006 ἐν
1857 2951 2154 3022 ἀψύχοις
2190 2951 2580 3023 φαγ[ή]μασιν.

606 3083 1267 3270 Τὲίγλη2)τρυγὼν
1324 3088 1817 3173 μελάνουρος
1887 3087 2061 3170 apud
2120 3085 2564 3170 Trophonium
2624 3085 2951 3150 interdicti
3009 3085 3209 3149 fuisse

595 3184 659 3246 vi
707 3186 894 3247 entur
973 3234 984 3247 .

736 3314 891 3367 Inter
924 3313 1110 3368 Haloa
1145 3313 1315 3368 ferias
1362 3314 1575 3369 Cereris
1612 3315 1882 3385 mysticas
1929 3333 2057 3370 cum
2102 3315 2250 3371 aliae
2296 3332 2457 3371 escae
2501 3316 2839 3370 vetabantur
2883 3317 3004 3368 tum
3040 3314 3208 3383 trigle

740 3393 959 3446 marina
997 3395 1054 3448 et
1089 3393 1437 3450 melanurus:
1489 3395 1660 3451 schol.
1697 3396 1829 3451 Luc.
1869 3396 2003 3452 dial.
2042 3413 2176 3454 mer.
2204 3396 2308 3450 VH
2334 3402 2368 3450 4
2406 3396 2559 3467 publ.
2598 3396 2701 3449 iur.
2741 3394 2874 3450 fact.
2916 3411 2951 3448 a
2987 3393 3206 3447 Rohdio

739 3474 843 3528 Rh.
894 3473 1038 3528 Mus,
1076 3473 1230 3527 XXV
1274 3492 1328 3543 Ρ.
1368 3480 1502 3543 558,
1545 3480 1613 3529 26
1639 3493 1719 3546 sq.
1808 3475 2024 3539 Eadem
2090 3477 2240 3546 apud
2303 3477 2686 3546 Pythagoreos
2749 3474 3077 3529 interdictaz
3133 3473 3207 3542 μὴ

738 3554 1005 3624 γεύεσθαι
1042 3555 1398 3624 μελανούρων
1435 3555 1582 3610 Plut.
1622 3556 1691 3609 de
1729 3555 1828 3610 lib.
1869 3557 2025 3611 educ.
2059 3562 2123 3610 17
2152 3575 2207 3626 Ρ.
2239 3562 2305 3610 12
2327 3557 2391 3611 D.
2485 3554 2797 3627 ἀπέχεσθαι
2827 3598 2838 3609 .
2880 3599 2891 3609 .
2934 3597 2944 3609 .
2974 3556 3208 3624 τριχλῶν

740 3635 838 3687 καὶ
885 3634 1240 3704 μελανούρων
1285 3634 1469 3689 Laert.
1517 3635 1677 3705 Diog.
1717 3636 1847 3691 VHI
1879 3643 1936 3705 1,
1966 3641 2051 3690 33.
2123 3636 2281 3691 Alios
2327 3636 2478 3691 locos
2524 3654 2572 3690 v.
2622 3653 2708 3705 ap.
2756 3633 3041 3688 Rohdium
3085 3634 3119 3687 l.
3160 3650 3204 3686 c.

735 3732 789 3784 p.
821 3718 939 3766 560.
978 3711 1167 3783 τρίγλη
1207 3713 1521 3769 sacrificata
1550 3731 1671 3769 esse
1710 3716 1918 3769 dicitur
1952 3716 2205 3770 Hecatae
2247 3716 2420 3770 Corae
2456 3716 2679 3786 Priap0‚
2719 3713 2948 3783 Stengel
2986 3712 3204 3768 Griech.

736 3792 1309 3847 Kultusaltertfimer²
1343 3812 1398 3863 p.
1432 3800 1549 3849 109.
1623 3795 1861 3849 Athenis
1908 3794 2063 3850 locus
2115 3797 2401 3864 exstabat,
2448 3812 2616 3863 quem
2660 3793 2856 3864 Trigla
2899 3793 3205 3859 vocabant3

735 3872 949 3925 ibidem
985 3871 1260 3942 ἀνάθημα
1307 3875 1429 3927 erat
1464 3873 1704 3928 Hecates
1742 3874 2180 3945 Triglanthines,
2251 3876 2455 3930 Athen.
2495 3874 2598 3929 VH
2625 3880 2730 3928 325
2742 3874 2794 3929 d.
2835 3872 2904 3927 cf.
2943 3872 3202 3926 Eustath.

737 3953 811 4007 ad
846 3951 907 4005 Π.
938 3952 991 4005 Y
1020 3957 1087 4006 73
1123 3970 1178 4022 Ρ.
1212 3958 1375 4022 1197,
1414 3958 1499 4009 30.
1549 3986 1615 3994 -
1663 3954 1903 4009 Omnino
1953 3955 2134 4025 pisces
2185 3956 2246 4009 in
2295 3954 2581 4009 nonnullis
2632 3953 2877 4007 cultibus
2928 3953 3204 4028 vetantur,

737 4032 805 4085 cf.
845 4031 991 4086 Plut.
1019 4031 1088 4085 Is.
1121 4034 1179 4087 et
1207 4032 1299 4088 Os,
1330 4037 1360 4085 7
1397 4052 1451 4102 Ρ.
1483 4038 1585 4087 353
1607 4034 1673 4089 O:
1723 4035 1941 4106 ἰχθύων
1987 4035 2050 4090 δὲ
2095 4034 2416 4090 θαλαττίων
2460 4034 2667 4096 πάντες
2711 4033 2812 4102 μὲν
2864 4034 2929 4087 οὐ
2976 4031 3205 4087 πάντων

739 4108 854 4184 ἀλλ’
901 4108 1066 4165 ἐνίων
1094 4110 1399 4182 ἀπέχονται
1425 4156 1578 4168 .....
1601 4114 1655 4168 οὶ
1693 4112 1746 4167 δ’
1791 4115 1957 4184 ἱερεῖς
1992 4113 2297 4186 ἀπέχονται
2332 4113 2577 4170 πάντων.
2642 4112 2712 4169 cf.
2742 4113 2987 4180 Parthey
3014 4131 3068 4180 p.
3103 4117 3202 4165 142

738 4191 813 4243 ad
848 4208 896 4245 v.
930 4194 1047 4243 104.
1106 4190 1357 4255 Quocum
1384 4193 1657 4263 congruit,
1696 4195 1848 4262 quod
1875 4194 2019 4265 legis
2047 4196 2107 4248 in
2133 4212 2349 4265 papyro
2377 4194 2736 4263 Partheyana
2765 4210 2933 4262 supra
2971 4210 3005 4247 a
3040 4192 3203 4247 nobis

738 4270 942 4327 citata:
981 4271 1170 4325 omnia
1204 4273 1473 4341 praebere
1503 4274 1669 4327 deum
1697 4275 1864 4345 χωρὶς
1891 4275 2109 4346 ἰχθύων
2136 4279 2209 4345 (Ρ.
2244 4269 2495 4341 122,”103
2517 4276 2677 4344 sqq).
2716 4272 2785 4329 cf.
2814 4272 2891 4325 ib.
2925 4278 3044 4341 128,
3073 4278 3205 4327 2903

736 4348 1120 4422 (ἀπεχόμενος)
1157 4352 1339 4421 πάσης
1374 4351 1774 4424 ἰχθυοφαγίας.

774 4564 825 4634 1)
865 4581 998 4634 „nec
1031 4564 1124 4631 fas
1158 4565 1431 4619 animalia
1467 4569 1668 4622 mensis
1693 4574 1933 4637 ponere“
1972 4569 2070 4622 Ov.
2100 4567 2251 4624 Fast.
2280 4567 2358 4623 IV
2388 4574 2489 4623 657
2511 4587 2592 4637 sq.

773 4648 828 4713 2)
864 4663 911 4698 V.
953 4643 1159 4699 Cratin.
1190 4644 1496 4714 Trophonii
1532 4647 1638 4717 frg.
1668 4654 1768 4701 221
1809 4648 1991 4702 Kock:
2030 4646 2153 4702 οὐδ’
2198 4646 2456 4714 Αἰξωνίδ’
2493 4646 2852 4717 ἐρυθρόχρων
2881 4643 3097 4700 ἐσθίειν
3125 4643 3208 4698 ἔτι

592 4721 835 4794 τρίγλην,
869 4727 877 4796 Ι
911 4723 1044 4779 οὐδὲ
1080 4721 1365 4795 τρυγόνος,
1403 4725 1534 4780 ούδὲ
1572 4730 1762 4782 δεινοῦ
1800 4727 1955 4796 φυὴν
1992 4729 2350 4798 μελανούρου.
