3611 5264
583 332 667 396 82
1725 326 1910 396 Caput
1938 327 2035 380 IV.

584 496 657 560 oc
696 495 876 577 ἅγιοι
925 492 1247 577 φανέντες
1294 491 1398 578 64,
1428 490 1602 556 3645
1626 489 1693 556 C.
1741 490 2064 577 φανέντες
2107 491 2235 577 γὰρ
2287 488 2674 578 κοιμωμένῳ
2731 497 2822 578 τῷ
2848 487 2853 491 ’
2877 489 3199 575 πάσχοντι

584 592 688 678 66,
718 590 892 656 3652
912 592 986 656 Β.
1032 589 1454 676 κοιμωμένην
1500 588 1822 676 φανέντες
1865 588 2154 673 ἠλέησαν
2208 599 2350 665 τοῖς
2394 588 2723 676 δράμασιν
2765 596 2888 653 τοῦ
2935 589 3200 664 πάθους

586 692 750 777 αὐτῇ
798 699 921 773 τῆν
965 693 1332 777 θεραπείαν
1377 687 1720 775 ὀρέξαντες
1766 687 1872 772 68,
1901 686 2071 752 3657
2095 686 2183 753 Ι).
2221 686 2602 764 ἐπιστάντες
2649 681 2774 752 οὖν
2813 685 2989 773 αὐτῷ
3036 684 3189 751 καθ’

583 788 839 865 ὕπνους
885 788 1251 874 ἀμφότεροι
1300 786 1403 872 70,
1431 785 1605 850 3668
1625 786 1701 851 Β.
1759 787 1831 852 οἰ
1880 787 2207 872 μάρτυρες
2262 788 2643 873 Σωφρονίω
2697 785 2903 849 πάλιν
2954 784 3200 848 καθεύ-

581 888 769 952 δοντι
809 890 1167 972 φαίνονται
1204 887 1289 950 ib.
1336 885 1511 949 3672
1530 885 1603 950 Β.
1677 884 1949 948 Prorsus
1988 888 2200 948 autem
2238 882 2692 967 Aristophanis
2729 882 2905 946 Pluti
2945 903 3198 946 scenam

582 986 650 1048 in
694 985 1070 1049 memoriam
1121 987 1406 1067 revocat,
1453 983 1627 1066 quod
1671 982 1911 1068 legitur
1955 982 2096 1046 mir.
2136 981 2238 1066 62,
2268 980 2444 1044 3640
2465 979 2539 1046 C:
2586 979 2697 1046 καὶ
2733 982 2995 1066 νύκτωρ
3032 985 3198 1044 καθ-

582 1085 873 1149 εύὸουσα
903 1081 1247 1170 (Rhodope
1296 1077 1639 1167 quaedam)
1677 1078 1904 1163 βλέπει
1932 1083 2090 1157 τοὺς
2127 1082 2465 1166 μάρτυρας
2502 1081 2617 1156 τὰς
2656 1089 2791 1144 τῶν
2836 1078 3198 1164 ἀρρώστων

579 1183 1140 1268 περιπολεύοντας
1187 1182 1532 1266 φάλαγγας
1576 1177 1685 1245 καὶ
1731 1192 1895 1244 πᾶσι
1940 1176 2091 1244 καθ’
2148 1177 2266 1243 ἕνα
2325 1177 2866 1263 προσβάλλοντας
2918 1173 3028 1241 καὶ
3083 1176 3200 1250 τὰς

583 1281 791 1356 ἰάσεις
838 1278 1087 1366 ἑκάστω
1136 1277 1544 1370 παρέχοντας
1588 1276 1697 1342 καὶ
1744 1277 1956 1364 τούτῳ
1994 1272 2117 1361 μὲν
2161 1284 2382 1359 τοῦτο,
2429 1277 2605 1363 ἄλλω
2653 1271 2727 1340 δὲ
2774 1277 2935 1340 ἄλλο
2980 1283 3199 1339 ποιεῖν

581 1377 1061 1454 ἐπιτάττοντας.
1142 1376 1291 1441 Uno
1338 1376 1540 1462 igitur
1586 1375 1939 1458 eodemque
1985 1375 2128 1438 loco
2177 1374 2372 1437 etiam
2410 1373 2516 1437 hic
2552 1374 2800 1459 aegroti
2836 1377 3196 1457 prosterne-

579 1475 830 1560 bantur,
878 1476 945 1538 id
990 1476 1164 1558 quod
1203 1497 1278 1538 ex
1319 1474 1519 1538 altero
1560 1495 1817 1557 quoque
1855 1472 2062 1537 elucet
2106 1472 2247 1536 mir.
2288 1473 2390 1557 21,
2421 1472 2689 1556 3484Β,
2734 1471 2848 1536 ubi
2884 1471 3197 1554 Martyria

580 1574 895 1657 quaedam
949 1573 1125 1638 videt
1180 1576 1495 1657 martyres
1551 1571 1717 1657 πρὸς
1772 1570 1981 1654 αὐτὴν
2038 1569 2176 1656 μετ’
2237 1570 2579 1654 εὐλαβείας
2633 1569 3033 1657 ἐρχομένους
3085 1566 3195 1634 καὶ

577 1671 918 1754 λέγοντας·
964 1675 1146 1747 τίνος
1192 1669 1415 1736 ἕνεκεν
1462 1669 1635 1734 οὕτω
1683 1673 1844 1756 βοᾷς
1889 1667 1998 1734 καὶ
2043 1669 2404 1734 καθεύδειν
2451 1669 2573 1733 οὐκ
2620 1667 2729 1755 ἐᾷς
2763 1670 2922 1744 τοὺς
2967 1667 3041 1733 ἐν
3085 1669 3196 1732 νόο

577 1786 720 1846 σοις
757 1768 1003 1835 ἐνθάδε
1037 1766 1561 1854 προσμένοντας;
1592 1765 1732 1843 Quo
1762 1767 1906 1830 loco
1938 1768 2050 1851 qui
2086 1766 2346 1851 proprie
2374 1766 2852 1831 ἀσθενούντων
2889 1766 3195 1850 appellati

579 1888 715 1931 esse
760 1867 1060 1932 videntur
1106 1870 1287 1930 erant
1332 1868 1542 1950 τόποι,
1589 1864 1667 1930 cf.
1706 1865 1812 1948 37,
1842 1863 2018 1928 3564
2038 1863 2116 1929 D.

756 1961 1170 2028 Somniorum
1227 1984 1391 2046 quae
1436 1984 1622 2026 mane
1678 1967 2031 2046 appareant
2084 1962 2183 2027 vis
2231 1961 2337 2049 (cf.
2376 1986 2437 2047 p.
2475 1960 2546 2049 4)
2605 1963 2855 2026 duobus
2909 1961 3195 2046 perlucet

575 2062 751 2126 locis.
843 2061 1052 2126 Mater
1098 2058 1428 2145 quaedam,
1475 2082 1749 2144 quorum
1795 2060 1970 2124 filius
2017 2060 2178 2124 alter
2233 2062 2546 2144 serpentis
2604 2082 2726 2125 ovo
2783 2081 3035 2125 comeso
3092 2082 3196 2124 ve-

580 2159 1085 2224 hementissimis
1133 2159 1453 2223 cruciatur
1499 2158 1848 2242 doloribus,
1894 2163 2207 2243 martyres
2254 2159 2583 2242 implorat:
2629 2168 2835 2223 ταῦτα
2887 2156 2998 2223 καὶ
3043 2160 3195 2224 τού-

577 2282 710 2323 των
739 2262 1016 2324 πλείονα
1051 2259 1219 2343 πρὸς
1253 2260 1412 2333 τοὺς
1448 2257 1785 2342 μάρτυρας
1822 2255 2109 2339 λέγουσα
2144 2255 2255 2350 καὶ
2293 2255 2379 2321 δι’
2427 2256 2584 2340 ὅλης
2618 2257 2859 2332 νυκτὸς
2896 2255 3193 2342 φέρουσα

576 2357 834 2442 δάκρυα
897 2356 1139 2441 μικρὸν
1202 2352 1380 2440 περὶ
1446 2354 1588 2418 τὸν
1652 2355 1955 2441 ὄρθρον
2018 2354 2476 2439 ἀφύπνωσε,
2540 2354 2663 2420 οὐκ
2727 2354 3020 2439 ἀθυμίας
3081 2352 3193 2419 καὶ

577 2457 790 2520 κόπου
835 2452 1198 2540 ζνικηθεῖσα
1254 2463 1394 2529 τοῖς
1447 2451 1741 2536 βέλεσιν,
1809 2451 1966 2518 ἀλλ’
2022 2453 2151 2519 ’ἵνα
2207 2455 2346 2537 τὴν
2399 2464 2554 2519 τῶν
2607 2452 2854 2536 ἁγίων
2911 2454 3192 2518 θεάσοι

576 2551 997 2629 ἐπίσκεψιν
1042 2550 1147 2636 34,
1184 2549 1360 2614 3540
1379 2551 1451 2614 Β.
1501 2549 1578 2614 cf.
1618 2550 1694 2613 de
1740 2547 1980 2614 Ioanne
2029 2551 2420 2616 subdiacono
2469 2552 2574 2638 37,
2613 2549 2786 2614 3565
2802 2549 2889 2615 Α;
2935 2551 3193 2616 τούτων

576 2650 899 2737 ἀκροατὴς
953 2662 1088 2715 τῶν
1134 2649 1445 2735 ῥημάτων
1480 2647 1795 2733 Ἰωάννης
1840 2648 1993 2715 καθ’
2040 2650 2295 2727 ὕπνους
2339 2654 2696 2735 γενόμενος
2742 2649 2995 2725 εὐθέως
3049 2649 3190 2714 ἀνί-

576 2766 806 2814 σταται
853 2751 982 2813 σὺν
1027 2755 1116 2835 τῷ
1162 2747 1351 2835 ὕπνῳ
1399 2748 1521 2830 τὴν
1564 2748 1913 2831 τύφλωσιν
1957 2747 2394 2833 ἀποθέμενος·
2450 2747 2826 2832 ἀναβλέψας
2878 2749 3004 2832 γὰρ
3053 2796 3067 2812 .
3114 2796 3129 2811 .
3178 2798 3190 2809 .

576 2849 649 2912 τὸ
698 2846 944 2931 φέγγος
990 2846 1116 2934 ὁρᾷ
1159 2843 1395 2910 νεωστὶ
1442 2854 1562 2909 τοῦ
1608 2843 1803 2928 ἡλίου
1849 2849 2211 2931 γενόμενον
2258 2844 2587 2933 (ὄρθρος
2632 2848 2776 2932 γάρ
2823 2842 2963 2933 ἦν).

752 2945 1071 3028 Martyres
1140 2948 1250 3008 aut
1325 2944 1542 3007 statim
1611 2948 1840 3008 sanant
1903 2948 2201 3029 aegrotos
2265 2945 2444 3009 velut
2511 2944 2809 3008 manibus
2876 2965 2985 3008 eos
3053 2948 3190 3008 tan-

574 3042 812 3128 gendo:
860 3045 930 3108 οἳ
969 3045 1049 3107 τά
1105 3041 1428 3126 λεχθέντα
1472 3043 1672 3127 μόρια
1729 3039 1940 3127 ἠρέμα
2002 3064 2141 3118 πως
2203 3053 2346 3118 ταῖς
2411 3041 2596 3129 χερσὶ
2659 3040 3190 3125 καταψήξεσιν

572 3138 1173 3227 φυγαδεύσαντεςῙ)
1233 3138 1333 3224 16,
1371 3139 1544 3203 3473
1565 3137 1642 3203 Α.
1714 3139 1750 3204 ὁ
1816 3140 1890 3203 τὸ
1949 3134 2126 3225 ἧπαρ
2193 3136 2268 3204 δὲ
2330 3151 2474 3217 ταῖς
2538 3140 2774 3224 ἁφαῖς
2840 3141 3189 3225 ἰασάμενος

575 3238 681 3321 61,
709 3237 881 3301 3637
908 3236 1073 3321 OJD.
1120 3247 1255 3302 τῶν
1302 3237 1613 3322 ὀμμάτων
1659 3236 2048 3322 ἁψάμενοι
2103 3235 2213 3302 καὶ
2274 3239 2645 3326 φαρμάκοις
2700 3238 2780 3303 οὐ
2835 3241 3189 3324 παραγγεί-

577 3339 810 3411 λαντες
855 3337 1230 3421 χρήσασθαι
1278 3334 1383 3420 69,
1412 3334 1588 3398 3664
1605 3333 1692 3418 A3
1739 3339 1869 3418 aut,
1917 3336 2090 3418 quod
2136 3339 2234 3400 est
2279 3337 2560 3420 saepius,
2615 3336 2967 3400 remedium
3012 3358 3189 3420 prae-

572 3432 888 3497 scribunt:
951 3432 1032 3496 οὐ
1087 3434 1214 3518 γάρ
1271 3434 1424 3498 τόδε
1476 3443 1696 3499 ποιεῖν
1751 3432 1838 3498 δι’
1904 3433 2232 3520 ὁράματος
2284 3433 2325 3517 ἢ
2381 3436 2535 3499 τόδε
2596 3432 3035 3521 προσέταξαν,
3091 3433 3189 3509 ὡς

571 3533 756 3608 ἔθος
803 3530 1080 3606 αὐτοῖς
1127 3531 1650 3617 διαπράττεσθαι
1699 3538 1837 3597 κτλ.
1883 3532 1989 3617 41,
2017 3530 2189 3596 3581
2216 3531 2282 3597 O.
2330 3534 2489 3617 μήτε
2525 3556 2590 3596 τι
2625 3530 3010 3608 κελευσθεὶς
3047 3532 3188 3596 δια-

569 3628 970 3713 πράξασθαι,
1018 3629 1271 3714 ὥσπερ
1320 3630 1656 3706 ἅπαντες
1703 3631 1769 3694 οἱ
1804 3632 2140 3707 παθόντες
2176 3636 2312 3695 κτλ.
2359 3630 2465 3713 48,
2494 3628 2665 3693 3601
2692 3629 2758 3694 C.
2832 3629 2984 3693 Vim
3023 3628 3185 3694 salu-

570 3727 829 3791 tiferam
875 3731 950 3790 ut
995 3725 1209 3789 oleum
1257 3725 1518 3790 exhibet
1564 3728 1641 3791 de
1685 3726 1982 3811 lampade
2030 3749 2210 3792 sacra
2247 3732 2576 3811 sumptum
2625 3728 2716 3791 ita
2761 3749 2902 3791 cera
2948 3726 3185 3791 sanctis

571 3829 964 3905 consecrata3
1013 3823 1090 3888 cf.
1130 3823 1235 3910 36,
1263 3822 1437 3887 3553
1459 3823 1534 3889 C:
1579 3824 1690 3890 καὶ
1738 3826 2030 3910 δύναμιν
2073 3825 2235 3891 αὐτὸ
2283 3823 2396 3912 (sc.
2436 3827 2649 3889 oleum
2695 3824 2975 3912 sacrum)
3021 3827 3184 3890 κατὰ

570 3922 964 4007 νοσημάτων
1010 3924 1186 4007 ἔχειν
1232 3921 1558 4006 τιθέμεθα
1571 3919 1623 4010 2)
1679 3945 1796 3988 nec
1840 3945 1973 3987 non
2025 3925 2082 4009 1,
2111 3922 2284 3988 3425
2306 3923 2391 3987 D:
2448 3932 2564 4006 τῆς
2619 3923 2841 3989 αὐτῶν
2887 3931 3184 4009 κηρωτῆς

750 4150 800 4219 1)
838 4150 951 4204 Ubi
1001 4153 1193 4205 tamen
1240 4151 1520 4221 quaedam
1565 4150 1829 4206 videntur
1874 4151 2065 4207 deesse
2113 4151 2173 4205 in
2221 4154 2383 4206 textu
2431 4150 2537 4223 (vel
2583 4145 2685 4222 pro
2732 4152 3184 4224 φυγαδεύσαντες

572 4231 1025 4298 θεραπεύσαντες
1059 4232 1432 4303 legendum?).

746 4311 799 4379 2)
838 4311 1109 4364 Similiter
1155 4330 1196 4367 s.
1236 4313 1576 4367 Maximinus
1632 4312 1749 4366 viro
1805 4312 1949 4382 pede
2005 4311 2290 4367 laboranti
2334 4312 2639 4382 praecipit:
2695 4313 2799 4380 „de
2853 4313 2992 4379 olea,
3038 4312 3183 4382 quod

567 4396 693 4445 ante
729 4391 904 4445 altare
941 4391 1145 4459 pendet
1178 4394 1241 4445 in
1291 4393 1571 4462 lampade,
1607 4394 1767 4448 tolle“
1807 4410 1852 4448 e.
1884 4411 1935 4461 q.
1976 4411 2016 4447 8.
2055 4392 2122 4448 A.
2163 4410 2204 4446 8.
2244 4393 2372 4448 mai.
2412 4396 2453 4448 t.
2483 4393 2586 4447 VH
2621 4411 2676 4462 p.
2707 4398 2776 4446 30
2796 4393 2857 4448 E.
2906 4391 3181 4461 Zacynthi

568 4471 660 4523 die
699 4488 741 4526 s.
780 4470 1033 4524 Marinae
1071 4471 1261 4525 media
1296 4472 1470 4526 missa
1507 4473 1766 4526 sacerdos
1805 4472 2082 4526 dementis
2122 4472 2204 4525 ori
2243 4473 2427 4526 oleum
2456 4472 2634 4526 illinit
2662 4490 2729 4526 ex
2757 4472 3018 4543 lampade
3050 4474 3182 4525 ante

567 4550 966 4604 miraculosam
1004 4568 1150 4619 quae
1189 4552 1351 4605 ardet
1389 4552 1634 4622 effigiem
1661 4552 1946 4621 haustum,
1982 4553 2043 4605 Β.
2076 4552 2331 4606 Schmidt
2357 4553 2422 4609 D.
2453 4553 2668 4609 Volksl.
2700 4553 2752 4608 d.
2782 4553 2989 4623 Neugr.
3019 4572 3072 4622 p.
3095 4557 3179 4606 80.

566 4630 648 4683 De
702 4631 980 4685 Michaele
1036 4630 1105 4687 cf.
1143 4650 1197 4701 p.
1229 4637 1323 4699 65,
1377 4633 1446 4685 de
1498 4632 1698 4686 Cosma
1751 4635 1809 4687 et
1868 4632 2144 4686 Damiano
2190 4651 2243 4702 p.
2279 4640 2360 4688 72.
2451 4632 2706 4702 Denique
2776 4633 2844 4686 de
2904 4651 2944 4686 8.
2993 4632 3181 4702 Eligio

568 4708 783 4764 adicias
823 4729 969 4780 quae
1015 4711 1280 4783 leguntur
1326 4712 1518 4781 Migne
1555 4715 1596 4767 t.
1628 4719 1694 4766 87
1742 4732 1796 4783 p.
1829 4718 1930 4767 591
1952 4713 2023 4769 B:
2069 4716 2310 4781 „multae
2354 4715 2518 4770 etiam
2562 4714 2826 4769 sanitates
2869 4731 2936 4768 ex
2981 4730 3040 4769 eo
3085 4713 3183 4783 qui
