3611 5264
555 343 638 406 72
1696 337 1877 407 Caput
1913 335 2004 390 IV.

553 513 654 591 τῷ
699 501 1304 587 ἀπεγνωσμένω,
1350 501 1519 566 ἀλλά
1566 502 1770 587 ἄλλω
1817 498 1978 565 τινὶ
2024 497 2330 583 λέγοντες
2376 500 2435 583 6,
2474 500 2604 565 336
2625 521 2717 583 sq.
2780 497 3171 583 ἐπιλαβομέ-

557 625 677 684 νης
722 604 959 665 τοίνυν
1002 600 1242 675 νυκτὸς
1289 601 1353 664 οἱ
1397 600 1734 682 πάνσοφοι
1782 592 1970 663 οὗτοι
2017 599 2198 681 ἅγιοι
2247 646 2262 661 .
2311 648 2326 662 .
2374 648 2388 662 .
2445 596 2766 681 φανέντες
2811 606 2902 684 τῷ
2959 598 3172 679 δῆθεν

559 702 759 786 ἰατρῷ
817 707 908 786 τῷ
968 699 1242 763 συνόντι
1287 705 1378 784 τῷ
1426 695 1829 762 ἀσθενοῦντι
1885 702 2020 761 κτλ.
2111 695 2398 761 Medicus
2455 695 2751 780 proximo
2808 695 2909 759 die
2954 698 3174 759 narrat

554 818 753 880 puero
801 797 876 860 τὸ
920 796 1100 881 παρὰ
1144 805 1281 859 τῶν
1325 794 1535 877 ἁγίων
1581 843 1596 858 .
1645 844 1659 858 .
1706 843 1721 858 .
1769 792 1854 858 δι’
1917 793 2245 879 ὁράματος
2279 789 2704 879 προσταχθὲν
2740 793 2918 881 αὐτῷ
2964 793 3173 878 παρά-

556 893 756 973 δοξον
810 894 1095 979 χάρισμα
1154 893 1256 974 19,
1292 891 1532 975 444sq.
1579 930 1667 938 —
1721 891 1958 955 Mulier
2012 893 2325 975 quaedam
2381 892 2461 954 ad
2517 891 2783 955 alteram
2839 890 3173 954 mulierem

558 1014 624 1056 se
672 990 960 1056 conferre
1006 989 1182 1055 videt
1228 993 1511 1054 sanctosz
1567 992 1871 1073 ἔρχονται
1927 990 1999 1054 οἰ
2047 991 2226 1072 ἅγιοι
2283 989 2357 1054 ἐν
2410 987 2603 1054 νυκτὶ
2656 987 2766 1053 καὶ
2822 987 2919 1053 ἐπ’
2983 989 3173 1066 ὄψεσι

559 1090 801 1172 ταύτης
847 1089 1104 1152 ἔδωκαν
1149 1097 1227 1173 τῇ
1264 1090 1548 1170 πλησίον
1585 1086 1788 1169 αὐτῆς
1826 1085 2218 1172 ἀνακειμένη
2259 1084 2485 1173 ἑταίρα
2521 1088 2748 1172 γραΐδι
2794 1085 3175 1171 ἀσθενούση

556 1187 903 1252 πιττάκιον
962 1185 1204 1271 μικρὸν
1260 1183 1370 1249 καὶ
1435 1183 1861 1270 ἀνεχώρησαν
1915 1184 2020 1267 27,
2057 1183 2207 1248 498.
2298 1182 2481 1249 Anus
2546 1183 2659 1248 illa
2721 1183 3016 1267 proximo
3074 1182 3175 1246 die

559 1280 656 1340 est
704 1278 973 1339 mortua.

740 1371 1060 1436 Curantur
1105 1371 1354 1457 aegroti
1401 1374 1513 1434 aut
1568 1370 1710 1454 ipso
1768 1393 1994 1436 somno
2051 1374 2164 1434 aut
2218 1371 2516 1435 remediis
2562 1394 2600 1434 a
2646 1370 3039 1453 martyribus
3086 1370 3179 1434 in-

563 1470 810 1535 dicatis.
902 1468 1160 1534 Accidit
1218 1474 1293 1533 ut
1353 1470 1719 1534 sanctorum
1780 1468 2076 1533 manibus
2145 1468 2467 1552 impositis
2537 1472 2842 1534 sanentur
2905 1468 3177 1553 aegroti:

563 1566 906 1644 ἐπιθέντες
954 1565 1055 1631 ἑπ’
1107 1566 1314 1632 αὐτὸν
1358 1568 1474 1643 τάς
1520 1578 1741 1652 χεῖρας
1787 1566 2085 1652 ἀοράτως
2131 1576 2372 1632 τοῦτον
2421 1568 2691 1632 ἰάσαντο
2737 1567 2799 1650 4,
2837 1566 2985 1630 330.
3043 1565 3179 1631 ἐπι-

560 1664 791 1740 θέντες
821 1663 921 1730 ἐπ’
956 1664 1162 1746 αὐτὸν
1189 1665 1304 1740 τὰς
1342 1664 1534 1747 ἁγίας
1571 1664 1793 1729 αὐτῶν
1808 1662 1857 1749 ¹)
1897 1674 2118 1750 χεῖρας
2163 1672 2277 1746 τῆς
2313 1667 2520 1730 νόσου
2558 1663 2764 1729 αὐτὸν
2801 1662 3179 1748 ἀπήλλαξαν

563 1764 622 1847 9,
661 1762 809 1826 352.
899 1761 1138 1827 Unctio
1199 1761 1340 1826 oleo
1396 1761 1568 1827 facta
1623 1762 2013 1845 martyribus
2069 1765 2438 1826 consecrato
2495 1761 2600 1846 29,
2636 1761 2785 1826 530.
2877 1761 3031 1826 Vim
3087 1783 3182 1825 sa-

562 1861 891 1924 lutiferam
937 1859 1254 1944 imprimis
1302 1860 1563 1924 exhibet
1600 1882 1743 1924 cera
1789 1860 2028 1924 sanctis
2067 1859 2294 1943 dicata,
2342 1859 2419 1924 cf.
2460 1882 2605 1924 cum
2643 1859 2770 1923 alia
2806 1864 2946 1923 tum
2982 1859 3174 1923 trium

562 1957 1017 2022 miraculorum
1065 1958 1293 2021 seriem
1343 1958 1602 2022 14—16
1657 1981 1717 2040 p.
1757 1957 1886 2021 398
1909 1979 2046 2041 sqq.
2061 1954 2110 2043 2)
2202 1956 2473 2022 Iudaeae
2529 1958 2861 2022 cuiusdam
2915 1957 3181 2040 curatio,

563 2057 667 2122 cui
712 2060 1024 2139 martyres
1071 2055 1599 2141 προστάττουσιν
1626 2103 1642 2118 .
1672 2104 1729 2118 ..
1767 2067 1984 2141 κρεῶν
2028 2059 2399 2141 χοιρείων
2443 2059 2838 2140 μεταλαβεῖν
2884 2053 2975 2142 (2,
3004 2052 3183 2140 316),

573 2156 642 2219 in
688 2153 1064 2218 memoriam
1110 2156 1369 2217 revocat
1414 2152 1769 2236 historiam,
1818 2175 1980 2236 quae
2028 2153 2198 2236 apud
2237 2150 2502 2217 Suidam
2546 2153 2786 2239 legitur
2823 2175 2869 2217 s,
2906 2176 2962 2217 v.
3001 2157 3183 2236 Δομ-

563 2264 768 2329 νῖνος.
859 2250 986 2315 Hic
1042 2251 1212 2315 enim
1268 2250 1491 2315 eodem
1554 2250 1837 2314 remedio
1850 2248 1902 2336 ³)
1959 2254 2221 2314 sanatur
2277 2249 2474 2334 Syrus
2528 2250 2892 2316 Domninus
2948 2249 3060 2334 qui
3115 2250 3184 2314 in

567 2348 909 2434 Asclepieo
938 2347 1322 2414 Atheniensi
1351 2348 1706 2427 incubavit3
1743 2369 1954 2413 mores
1983 2348 2236 2431 paterni
2264 2348 2522 2433 utrique
2559 2347 2874 2413 curationi
2906 2348 3183 2430 obstant,

566 2471 728 2532 quae
770 2451 987 2512 tamen
1025 2447 1299 2530 denique
1336 2447 1630 2511 efficitur.
1695 2446 1752 2509 E
1792 2445 1945 2529 Cyri
1984 2449 2049 2509 et
2086 2443 2347 2510 Ioannis
2376 2446 2703 2511 miraculis
2732 2446 2862 2510 iam
2888 2445 3181 2510 hocloco

566 2547 899 2610 adnectere
945 2545 1141 2610 velim
1187 2544 1293 2629 54,
1331 2545 1507 2609 3624
1529 2543 1597 2628 O,
1642 2544 1753 2607 ubi
1800 2543 2011 2607 filium
2050 2544 2236 2628 adipe
2284 2544 2520 2609 suillo
2568 2544 2818 2609 iHinere
2862 2541 3182 2629 iubetur4)

566 2649 786 2729 mater,
834 2645 937 2710 cui
986 2644 1201 2709 omnia
1248 2643 1439 2709 suilla
1485 2648 1636 2708 sunt
1680 2644 2014 2708 adversa.
2091 2640 2404 2707 Similiter
2439 2642 2762 2708 Theodori
2800 2643 2974 2706 illius
3012 2664 3185 2706 men-

568 2745 814 2809 tionem
850 2743 1058 2808 facere
1104 2764 1473 2826 possumus,
1530 2742 1642 2825 qui
1706 2763 1744 2804 a
1788 2739 2072 2805 Iudaeo
2130 2741 2408 2824 quodam
2453 2764 2570 2825 per
2623 2741 2905 2827 magiam
2962 2740 3186 2804 immo-

573 2842 724 2906 bilis
782 2842 1070 2906 redditus
1130 2841 1309 2924 porci
1369 2840 1741 2924 pulmonem
1800 2838 2097 2903 medendi
2157 2860 2348 2903 causa
2402 2839 2704 2903 adhibere
2758 2838 3039 2902 iubetur:
3100 2838 3184 2902 ib.

569 2939 675 3023 55,
704 2938 879 3002 3625
897 2937 962 3003 G.
1012 2976 1096 2984 —
1143 2937 1612 3002 Delectamenti
1659 2937 1869 3022 gratia
1914 2937 2109 3002 affero
2155 2937 2295 3000 mir.
2334 2937 2439 3019 24,
2468 2937 2600 3000 480
2619 2959 2775 3020 sqq„
2811 2935 2925 2999 ubi
2963 2936 3184 3000 eodem

570 3042 859 3119 tempore
906 3039 1212 3099 sanantur
1256 3035 1356 3099 vir
1401 3034 1791 3119 paralyticus
1840 3055 1913 3098 ac
1958 3034 2190 3098 mulier
2234 3038 2430 3098 muta.
2522 3033 2936 3117 Praecipiunt
2981 3033 3185 3097 sancti

570 3156 684 3217 per
730 3155 1025 3197 somnum
1072 3131 1453 3215 paralytico:
1501 3134 1559 3196 εἰ
1604 3130 1826 3207 θέλεις
1870 3132 2064 3215 ὑγιὴς
2100 3130 2435 3215 γενέσθαι,
2480 3135 2838 3216 κοιμήθητι
2875 3132 3036 3214 μετὰ
3073 3139 3187 3213 τῆς

572 3232 888 3314 γυναικὸς
942 3229 1211 3294 ἀλάλου.
1303 3228 1427 3293 Ter
1485 3232 1784 3294 monetur
1844 3229 2114 3293 eundem
2176 3230 2245 3294 in
2297 3230 2588 3315 modum3
2654 3229 2928 3312 denique
2989 3231 3187 3293 noctu

572 3328 652 3392 ad
711 3326 999 3391 mulieris
1054 3330 1270 3391 mutae
1335 3326 1575 3391 lectum
1640 3349 1708 3390 se
1772 3327 2046 3391 confert:
2110 3326 2269 3391 haec
2331 3326 2444 3390 ubi
2510 3350 2655 3392 eum
2721 3326 3187 3408 animadvertit,

570 3423 1129 3490 vehementissime
1177 3424 1449 3488 clamare
1504 3424 1743 3509 coepit3
1790 3424 1900 3488 ille
1949 3447 2142 3507 quam
2189 3424 2517 3489 celerrime
2571 3425 2769 3510 fugit:
2826 3424 2862 3489 ὁ
2906 3424 3188 3509 πάρετος

573 3525 696 3607 τὴν
742 3525 1018 3607 ἄφωνον
1063 3520 1363 3600 ἐδίδαξεν
1408 3527 1635 3587 λαλεῖν
1680 3533 1957 3607 τρανῶς,
2003 3521 2043 3604 ἡ
2083 3524 2324 3598 ἀλαλος
2361 3523 2479 3587 τὸν
2514 3524 2803 3608 πάρετον
2839 3520 3188 3596 ἀκωλύτως

573 3619 829 3707 τρέχειν
876 3619 1238 3685 ἐδίδασκεν.

580 3820 877 3875 Dedicatio
916 3821 1304 3875 tantummodo
1341 3837 1442 3890 pro
1482 3820 1659 3874 altero
1697 3820 1924 3875 homine
1961 3820 2219 3891 efficitur,
2256 3839 2358 3890 pro
2393 3821 2589 3876 liberis
2637 3838 2672 3875 a
2714 3820 3044 3891 parentibus
3081 3824 3185 3875 etc.

580 3899 737 3971 (ὑπὲρ
776 3902 896 3968 ὑοῦ,
934 3897 1198 3968 παιδίων,
1235 3898 1537 3971 θυγατρός,
1575 3899 1858 3971 γυναικός,
1896 3900 2068 3955 semel
2104 3900 2243 3970 ὑπὲρ
2285 3903 2672 3970 Πολυεύκτου).
2713 3900 2992 3955 Nimirum
3027 3903 3191 3971 pater

582 3980 828 4034 familias
866 3981 982 4034 fere
1019 3980 1068 4033 is
1106 3982 1244 4047 erat,
1281 3980 1381 4048 qui
1415 3982 1607 4034 votum
1645 3980 1856 4035 solvere
1892 3984 2097 4050 posset.
2174 3981 2463 4047 Quomodo
2512 3981 2613 4034 illa
2662 3978 2821 4049 ‘indo
2859 3983 3033 4043 τινος’
3075 3980 3190 4034 sint

578 4059 980 4129 intellegenda,
1020 4060 1229 4129 optime
1266 4060 1617 4116 demonstrat
1651 4079 1732 4116 nr.
1765 4067 1832 4115 59
1862 4061 2003 4115 VIB
2042 4089 2109 4108 =
2152 4067 2200 4129 1,
2228 4067 2297 4116 48
2314 4078 2433 4130 sqq.
2455 4060 2530 4130 0.,
2570 4059 2670 4114 ubi
2696 4061 2988 4115 Pandarus
3016 4061 3188 4115 Thes-

578 4138 729 4191 salus
768 4155 802 4191 a
840 4139 944 4192 deo
983 4143 1213 4194 sanatus
1251 4140 1541 4195 Echedoro
1578 4140 1877 4210 pecuniam
1914 4141 2092 4196 tradit
2128 4139 2255 4195 ὥστ’
2299 4138 2550 4209 ἀνθέμεν
2586 4150 2685 4196 τῶι
2720 4144 2864 4195 θεῶι
2919 4141 2999 4203 εἰς
3026 4138 3187 4195 Ἐπί-

580 4219 794 4285 δαυρον
829 4216 997 4285 ὑπὲρ
1035 4220 1298 4291 αὐ[τοῦ]
1320 4223 1446 4291 (56).

759 4300 812 4366 1)
848 4297 945 4351 καὶ
980 4299 1392 4365 θεραπευτικάς
1428 4300 1556 4354 add.
1598 4299 1764 4356 Vind.

762 4380 816 4445 2)
853 4377 992 4431 Cera
1027 4376 1130 4431 illa
1168 4377 1259 4432 die
1295 4379 1442 4435 festo
1480 4379 1928 4435 distribuebatur
1963 4381 2196 4451 populo:
2237 4380 2540 4452 φθασάσης
2591 4390 2690 4452 τῆς
2733 4379 3080 4453 παννυχίδος
3114 4387 3190 4454 τῷ

583 4456 841 4530 σαββάτῳ
878 4458 974 4511 καὶ
1009 4466 1109 4528 τῆς
1144 4468 1392 4529 κηρωτῆς
1429 4462 1503 4523 ὡς
1539 4461 1666 4528 περὶ
1702 4460 1856 4529 ὥραν
1894 4460 2058 4530 ἕκτην
2087 4469 2185 4530 τῆς
2212 4461 2413 4524 νυκτὸς
2439 4467 2513 4535 τῷ
2542 4466 2655 4535 λαῷ
2684 4459 3051 4532 διαδοθείσης
3078 4465 3188 4516 κτλ.

590 4553 620 4590 e
660 4539 778 4592 cod.
818 4537 1060 4592 Vindob.
1100 4537 1400 4607 φάρμακον
1435 4538 1623 4595 πάντα
1659 4538 1824 4610 πάθη
1863 4550 2035 4595 νικῶν
2073 4543 2306 4595 vocatur
2346 4548 2393 4611 1,
2427 4547 2546 4596 314.

761 4621 815 4687 3)
851 4617 887 4687 ἡ
926 4615 989 4671 δὲ
1027 4617 1175 4680 ἴασις
1208 4611 1281 4686 ἦν
1319 4617 1740 4688 ἐμπίμπλασθαι
1777 4617 2096 4690 χοιρείων
2133 4630 2310 4689 κρεῶν
2346 4621 2381 4675 l.
2415 4639 2456 4676 s,

761 4700 818 4767 4)
854 4695 1033 4769 χρίειν
1072 4744 1082 4754 .
1125 4742 1137 4754 .
1179 4740 1190 4752 .
1230 4696 1385 4772 ὑείῳ
1424 4697 1795 4768 προσέταττον
1833 4698 2015 4754 στέατι
2052 4698 2087 4754 l.
2121 4719 2162 4755 s.
