3611 5264
1289 367 1374 420 De
1411 365 1774 420 incubatione
1813 365 2136 422 christiana.
2891 368 3014 431 107

404 529 601 595 fuisse
632 529 870 596 dieitur
906 552 1096 615 quem
1126 528 1411 595 Ἐλαιών
1446 529 1861 615 appellabant
1873 528 1955 617 ¹)3
1991 533 2208 595 tamen
2243 529 2354 594 vix
2388 529 2726 615 probabile
2766 530 3021 595 videtur

407 629 477 693 in
520 628 695 693 illius
752 629 1046 694 suburbii
1103 651 1352 693 sacrum
1413 629 1684 693 missum
1742 650 1881 693 esse
1935 627 2287 693 Florinum.
2378 626 2585 695 Immo
2642 628 2699 693 is
2761 651 3017 713 quoque

400 726 716 811 Deiparae
772 728 1115 813 εὐκτήριος
1173 722 1351 803 οἶκος
1404 725 1579 791 haud
1633 725 1861 810 procul
1917 749 1955 791 a
2012 726 2444 810 Therapontis
2499 726 2741 811 templo
2797 727 3020 792 abesse

402 825 643 909 potuit:
708 826 981 891 fortasse
1046 825 1116 891 in
1177 825 1320 910 ipso
1385 824 1700 909 Deiparae
1764 823 2257 890 Blaehernensis
2331 845 2510 890 saero
2584 833 2700 909 τῆς
2752 822 3021 901 Ἐλαίας

401 924 783 1009 cognomine
829 927 1069 990 certam
1117 922 1436 1007 quandam
1484 922 1567 987 ob
1614 944 1871 987 eausam
1917 921 2136 987 addito
2183 920 2533 987 collocatus
2581 925 2733 988 erat.
2822 981 2828 987 .

576 1020 728 1087 Non
764 1021 1005 1087 nullius
1043 1021 1355 1087 momenti
1394 1042 1530 1085 esse
1566 1019 1839 1103 videtur,
1879 1021 2051 1104 quod
2086 1041 2289 1104 prope
2324 1019 2714 1086 Blachernas
2753 1019 3019 1085 Cosmae

401 1123 467 1184 et
530 1119 834 1185 Damiani
898 1141 1153 1203 quoque
1219 1117 1705 1183 celeberrimum
1780 1117 1944 1181 illud
2018 1117 2312 1183 exstabat
2386 1139 2667 1203 sacrum,
2741 1119 2818 1183 de
2889 1141 3017 1203 quo

402 1239 462 1300 p.
496 1218 581 1281 70
602 1240 738 1302 sqq.
787 1217 1053 1305 egimus.
1103 1217 1183 1282 ef.
1221 1238 1685 1302 anargyrorum
1722 1215 2104 1280 miraculum
2148 1216 2227 1280 18
2265 1239 2326 1300 p.
2355 1216 2489 1282 424
2524 1215 2830 1302 Wangn.:
2876 1239 3020 1302 pae-

403 1313 693 1402 dagogus
742 1316 1002 1398 quidam
1048 1314 1286 1380 sanetis
1334 1313 1694 1398 maledixit,
1740 1312 1852 1380 καὶ
1908 1312 2131 1392 ἁπλῶς
2184 1323 2460 1380 τοιαῦτα
2513 1313 2622 1379 καὶ
2679 1317 3021 1401 δεινότερα

397 1414 657 1480 τούτων
723 1415 931 1481 εἰπὼν
996 1412 1107 1481 καὶ
1168 1409 1580 1498 ἐνθυμηθεὶς
1638 1420 1756 1496 τῆς
1822 1410 1928 1477 ἐπὶ
1987 1412 2110 1496 τὴν
2178 1414 2379 1477 πόλιν
2440 1422 2576 1477 τῶν
2588 1409 2639 1499 ²)
2701 1411 3020 1479 ἐντεῦθεν

399 1517 609 1596 εἴχετο
657 1512 1063 1598 ὁδοιπορίας.
1109 1511 1437 1578 εἰσελθὼν
1484 1507 1559 1575 δὲ
1603 1508 1713 1575 καὶ
1760 1510 1930 1576 κατὰ
1974 1507 2276 1598 πάροδον
2334 1508 2408 1575 ἐν
2453 1519 2544 1597 τῷ
2593 1519 2808 1598 σεπτςό
2858 1516 3018 1598 οἴκῳ

397 1617 512 1692 τῆς
557 1609 750 1693 ἁγίας
795 1609 1073 1688 ἐνδόξου
1130 1607 1499 1695 Παρθένου
1554 1606 1665 1672 καὶ
1715 1610 2046 1674 Θεοτόκου
2102 1610 2374 1695 Μαρίας
2427 1616 2518 1695 τῷ
2574 1605 3017 1695 ἐπιλεγομένῳ

398 1705 471 1771 ἐν
517 1706 929 1794 Βλαχέρναις
971 1712 1108 1773 κτλ.
1194 1707 1394 1771 Putat
1438 1705 1732 1771 Dehnius
1771 1705 1840 1794 (l.
1881 1703 1957 1792 s.)
2005 1706 2411 1789 „Anao-ymos
2444 1705 2767 1788 Deiparae
2803 1707 3020 1789 templo

396 1806 628 1872 vicinos
682 1811 863 1888 atque
915 1807 1069 1871 adeo
1115 1806 1187 1871 in
1239 1806 1375 1887 ipso
1429 1805 1538 1869 illo
1592 1804 2093 1870 Blachernoerum
2145 1804 2434 1870 suburbio
2489 1805 2738 1887 fuisse&
2833 1803 3020 1869 Certe

397 1902 523 1967 fuit
568 1902 945 1970 Blachernis
995 1902 1261 1969 Cosmae
1308 1907 1374 1968 et
1408 1901 1710 1967 Damiam'
1748 1924 2018 1989 samum,
2056 1902 2134 1967 ef.
2174 1900 2407 1968 Chron.
2445 1901 2668 1970 Paseh.
2707 1925 2768 1987 p.
2802 1902 2948 1986 713,
2978 1903 3018 1967 9

399 2002 492 2065 ed.
531 2002 763 2067 Bonn.:
812 2004 1135 2086 εἰσῆλθαν
1182 1999 1256 2067 δὲ
1303 2000 1418 2089 (se.
1457 1997 1729 2087 Avares)
1776 1998 1887 2065 καὶ
1935 2002 2029 2077 είς
2074 2003 2233 2077 τοὺς
2279 1999 2514 2084 ἁγίους
2559 2003 2639 2065 Κ.
2677 1998 2789 2067 καὶ
2826 2007 2910 2065 Δ.
2946 2001 3020 2066 ἐν

399 2097 836 2185 Βλαχέρναις,
906 2099 1008 2165 vel
1066 2100 1151 2164 ib.
1197 2123 1258 2186 p.
1301 2097 1453 2184 725,
1480 2099 1589 2164 18:
1646 2101 1936 2164 ἔκαυσαν
2000 2094 2076 2162 δὲ
2129 2095 2240 2163 καὶ
2294 2099 2416 2180 τὴν
2482 2097 2835 2182 ἐκκλησίαν
2887 2108 3020 2164 τῶν

399 2195 610 2280 ἁγίων
656 2201 734 2262 Κ.
779 2196 891 2263 καὶ
937 2204 1019 2263 Δ.
1065 2197 1142 2268 ,ἐν
1186 2195 1594 2283 Βλαχέρναις
1637 2195 1748 2261 καὶ
1804 2197 1926 2281 τὴν
1980 2196 2339 2279 ἐκκλησίαν
2392 2204 2513 2260 τοῦ
2569 2194 2766 2277 ἁγίου
2811 2198 3018 2259 Νικο-

397 2295 563 2360 λάου
616 2294 727 2361 καὶ
788 2296 910 2362 ὅλα
964 2297 1045 2361 τὰ
1103 2295 1307 2382 πέριξ.
1399 2293 1550 2360 Alia
1608 2295 1754 2359 vide
1816 2294 1987 2379 apud
2045 2293 2456 2379 Ducangium
2514 2291 2736 2377 Cpolis
2799 2292 3016 2356 christ.

394 2391 490 2456 IV
530 2391 630 2479 15,
664 2395 748 2458 10
785 2417 846 2478 p.
880 2392 1062 2458 12711.
1165 2391 1391 2458 Altera
1444 2396 1661 2458 tamen
1714 2392 1972 2457 videtur
2036 2413 2174 2460 esse
2241 2389 2507 2455 eeclesia
2571 2412 2765 2474 quam
2821 2390 3020 2473 impe-

402 2493 615 2555 ratore
662 2490 1026 2556 Theodosio
1084 2489 1344 2556 Iuniore
1391 2488 1758 2577 (408-50)
1818 2488 2127 2553 Paulinus
2186 2488 2496 2573 magister
2549 2487 3018 2553 exaedificavit:

397 2587 470 2665 ὃς
517 2584 633 2674 (sc,
669 2585 1009 2676 Paulinus)
1057 2586 1167 2654 καὶ
1215 2587 1522 2676 ἀνήγειρε
1567 2589 1688 2655 τὸν
1724 2588 1893 2654 ναὸν
1937 2597 2074 2653 τῶν
2110 2585 2324 2670 ἁγίων
2358 2585 2756 2673 ἀναργύρων
2796 2584 3018 2652 Codin.

398 2686 475 2750 de
512 2685 699 2750 aedis.
738 2710 798 2771 p.
842 2688 987 2771 111,
1020 2687 1103 2750 10
1150 2687 1244 2752 ed.
1281 2687 1487 2753 Bonn.
1535 2684 1642 2773 (ef.
1682 2687 1766 2751 ib.
1801 2686 1948 2772 112,
1973 2683 2102 2772 12).
2192 2683 2364 2750 Nam
2412 2689 2594 2750 extra
2629 2683 3019 2750 Blachernas

398 2806 540 2848 eam
587 2782 780 2848 sitam
825 2784 1027 2849 fuisse
1073 2806 1107 2849 e
1156 2783 1441 2849 Cedreno
1489 2784 1722 2871 elueet3
1768 2784 1988 2871 agitur
2032 2784 2111 2849 de
2158 2782 2405 2848 Thema
2464 2782 2576 2866 qui
2631 2783 3020 2867 imperatore

394 2879 712 2946 Miehaele
757 2880 984 2947 Altero
1032 2880 1400 2970 (820—29)
1453 2881 2081 2967 Constantinopolim
2139 2902 2507 2966 expugnare
2573 2885 2841 2946 conatus
2897 2885 3019 2945 est:

399 2980 826 3064 παρεμβολὴν
857 2978 932 3045 ἐν
958 2991 1098 3057 τοῖς
1130 2984 1500 3064 Παυλίνου,
1530 2983 1701 3046 ἔνθα
1736 2982 1812 3046 τὸ
1850 2990 1985 3046 τῶν
2020 2985 2562 3065 θαυματουργῶν
2587 2977 3020 3066 Ἀναργύρων

399 3075 671 3161 τέμενος
698 3079 987 3162 ἵδρυται,
1024 3078 1277 3165 ὀχυρὰν
1307 3075 1585 3162 ἐπήξατο
1614 3076 1688 3165 (t.
1708 3077 1772 3143 Π
1791 3102 1852 3163 p.
1875 3078 1980 3165 81,
2000 3080 2039 3144 8
2062 3077 2155 3142 ed.
2172 3074 2427 3164 Bonn.),
2457 3077 2839 3161 quibuseum
2876 3098 3022 3142 eon-

394 3174 563 3239 feras
609 3199 669 3259 p.
712 3177 815 3260 82,
843 3176 913 3241 4:
960 3178 1126 3242 κατὰ
1167 3179 1326 3254 τοὺς
1371 3187 1505 3242 τῶν
1550 3181 1952 3263 Βλαχερνῶν
1995 3177 2298 3261 πύργους
2335 3174 2620 3241 ἐποιεῖτο
2658 3176 2780 3259 τὴν
2815 3193 3018 3261 προσ-

398 3273 623 3357 βολήν.
715 3271 943 3357 Itaque
987 3277 1291 3357 putamus
1338 3274 1463 3339 hoe
1508 3274 1781 3339 alterum
1840 3295 2306 3360 anargyrorum
2365 3294 2617 3337 sacrum
2663 3296 2702 3338 a
2745 3272 3018 3337 Paulino

396 3373 793 3434 exstructum
848 3371 929 3434 ab
986 3370 1099 3436 illo
1135 3371 1615 3461 *Blachernensi
1672 3394 1811 3437 esse
1878 3372 2423 3458 distinguendum.
2516 3370 2656 3448 Qua
2701 3371 2779 3436 de
2825 3394 2893 3436 re
2938 3394 3020 3435 ne

397 3468 680 3552 dubites,
755 3467 951 3532 etiam
1015 3468 1175 3533 alias
1243 3468 1512 3534 Cosmae
1576 3473 1641 3535 et
1712 3470 2017 3535 Damiani
2091 3469 2390 3535 ecelesias
2458 3468 3019 3553 Constantinopoli

399 3566 723 3631 exstitisse
779 3565 1164 3631 memineris.
1257 3564 1366 3631 Sic
1418 3567 1766 3633 Theodosii
1822 3566 2096 3633 Minoris
2160 3570 2370 3632 aetate
2434 3590 2473 3630 a
2526 3566 2757 3631 Proelo
2822 3567 3018 3651 patri-

396 3665 590 3729 archa
637 3664 706 3729 in
752 3663 1119 3751 Zeugmate,
1166 3687 1330 3749 quae
1368 3669 1466 3730 est
1502 3666 1714 3730 litoris
1762 3665 1942 3750 regio
1983 3664 2279 3731 Galatam
2322 3687 2544 3730 versus
2583 3665 2709 3730 sita
2719 3662 2793 3751 3),
2838 3687 3019 3730 anar-

397 3782 706 3846 gyrorum
754 3784 1004 3827 sacrum
1052 3763 1381 3828 eonditum
1430 3762 1611 3851 est4).
1675 3762 1877 3828 Aliud
1915 3764 2261 3833 eorundem
2299 3767 2667 3828 sanctorum
2706 3763 3015 3847 templum

396 3859 470 3925 ἐν
516 3871 658 3937 τοῖς
697 3864 1106 3927 Βασιλίσκου
1142 3861 1206 3926 h.
1246 3883 1295 3925 e.
1332 3883 1534 3947 prope
1562 3860 1876 3948 templum
1909 3883 1956 3928 s,
1988 3859 2331 3949 Sophiae5)
2369 3884 2408 3924 a
2443 3859 2806 3926 Iustiniano
2853 3860 3020 3925 aedi-

582 4109 634 4176 1)
669 4105 760 4158 Du
797 4105 985 4177 Gange
1021 4106 1209 4177 Cpolis
1247 4106 1558 4162 christiana
1592 4108 1671 4164 Iv
1699 4115 1750 4177 9,
1783 4113 1850 4163 17
1887 4127 1940 4178 p.
1976 4114 2107 4164 115·
2146 4109 2364 4182 (Venet.
2398 4111 2570 4178 1729).
2669 4077 2679 4088 .

481 4184 759 4321 XXQHSIie
796 4187 969 4241 codex
985 4231 1000 4257 ‚
1047 4188 1148 4257 τὴν
1195 4191 1369 4244 αὐτοῦ
1417 4188 1660 4259 Wangn.
1674 4233 1689 4258 ,
1737 4204 1905 4258 quem
1951 4191 2102 4245 reete
2150 4187 2419 4244 refutavit
2462 4187 2715 4243 Dehnius
2761 4188 2822 4243 in
2866 4189 3017 4244 notis

395 4285 449 4338 P·
575 4349 629 4416 3)
670 4309 738 4400 ci.
777 4345 1033 4402 tabulam
1070 4349 1221 4417 apud
1267 4349 1725 4405 Mordtmannum
1771 4349 2040 4419 Esquisse
2090 4348 2544 4420 topographique
2591 4350 2662 4405 de
2698 4349 3016 4405 Constanti-

394 4426 743 4577 nOPIegssiJ-lle
757 4432 1010 4577 ‹il-{Sigrion
1041 4504 1365 4578 Ἀνοὶργυροι
1403 4510 1456 4565 οἱ
1488 4511 1548 4566 ἐν
1584 4515 1661 4583 τῷ
1694 4511 1969 4581 Ζεύγματι
1998 4508 2152 4578 παρὰ
2183 4508 2442 4579 Πρόκλου
2470 4510 2818 4580 πατριάρχου
2855 4515 3015 4564 Κων-

397 4585 901 4650 σταντινονπόλεως
941 4632 950 4641 .
996 4631 1006 4642 .
1049 4631 1060 4642 .
1101 4585 1438 4660 ἐκτίσθησαν
1476 4591 1539 4646 ἐν
1574 4599 1693 4655 τοῖς
1726 4588 1954 4661 χρόνοις
1994 4588 2302 4647 Θεοδοσίου
2337 4600 2438 4646 τοῦ
2475 4599 2674 4661 μικροῦ
2713 4588 2904 4645 Codin.
2945 4590 3016 4645 de

399 4665 566 4721 aedis.
596 4686 650 4737 p.
681 4673 768 4736 93,
793 4672 859 4721 15
897 4667 984 4722 ed.
1021 4668 1200 4724 Bonn.

577 4750 632 4819 5)
669 4747 737 4803 ef.
776 4748 1143 4805 Mordtmann
1179 4748 1349 4820 Esqu.
1388 4752 1607 4824 topogr.
1648 4757 1679 4819 ξ
1712 4756 1815 4806 117
1841 4769 1897 4823 p.
1928 4748 2052 4806 66¹³.
