3611 5264
564 331 690 394 132
1725 325 2008 381 Laudatio
2777 333 2864 396 24,
2884 332 3079 396 3-25‚
3099 334 3170 382 23

560 502 792 579 θαῦμα
836 495 1192 578 θεώμενος.
1403 491 1646 577 [ἐκεῖνο
1694 488 1767 557 δὲ
1817 494 2015 557 τοῦτό
2066 490 2296 575 ἐστιν.]
2343 494 2743 577 στρατιῶταί
2775 515 2952 568 τινες
2988 491 3179 577 ἐργο-

562 594 834 658 διῶκται
872 604 1006 657 τῶν
1043 593 1383 675 δημοσίων
1428 591 1889 675 ἐπιταγμάτων
1922 585 2033 653 καὶ
2080 588 2418 654 ἐπιστάται
2463 600 2600 654 τῶν
2637 592 2855 675 ἔργων
2890 592 3055 655 κατὰ
3100 591 3178 655 τὸ

520 715 544 755 5
566 690 639 755 ἐν
687 691 1005 777 Αἰγύπτῳ
1052 690 1256 755 πάλαι
1303 691 1666 774 λεγόμενον
1816 689 2184 771 ἄνθρωπόν
2229 710 2381 752 τινα
2424 687 2604 751 πάνυ
2650 686 2980 773 γηραλέον
3026 687 3180 772 ἐπη-

564 789 794 873 ρεάσαι
858 790 1285 870 θελήσαντες,
1446 782 1587 852 εἶτα
1645 784 2066 860 κωλυθέντες
2132 782 2238 850 ἐπὶ
2301 786 2542 869 μικρὸν
2607 782 2718 850 καὶ
2787 795 2878 872 τῷ
2948 786 3186 872 βραδεῖ

561 887 729 965 πρὸς
774 885 982 972 ὀργὴν
1029 887 1310 951 ἔκτοπον
1354 884 1802 967 ἀναζέσαντες,
1930 881 2117 959 τέλος
2163 881 2723 967 ἐπιλαμβάνονται
2768 893 2890 948 τοῦ
2936 883 3185 969 ἀνδρὸς

566 980 676 1047 καὶ
740 990 1065 1048 τοσοῦτον
1130 981 1502 1066 ἐτύπτησαν
1662 979 1770 1046 καὶ
1838 978 2060 1059 ξύλοις
2122 979 2359 1064 παχέσι
2427 979 2747 1059 κατέαξαν
2815 979 2926 1046 καὶ
2992 981 3184 1046 συνέ-

565 1091 830 1166 τριψαν,
1012 1081 1180 1144 ὥστε
1237 1078 1535 1163 ἡμιθανῆ
1589 1087 2095 1166 παραρριφῆναι
2141 1079 2261 1144 τὸν
2316 1079 2701 1164 ἄνθρωπον.
2861 1078 3184 1163 ἀναλαβό-

495 1205 546 1244 ιο
564 1201 754 1262 μενοι
801 1177 881 1243 δέ
920 1201 1098 1254 τινες
1144 1177 1351 1242 αὐτὸν
1399 1177 1505 1243 ἐπὶ
1550 1179 1670 1243 τὸν
1716 1178 1913 1259 ἅγιον
2061 1176 2256 1254 ὀψίας
2313 1176 2517 1259 οὔσης
2564 1175 2895 1261 ἐκόμισαν.
3002 1178 3072 1242 οἵ
3112 1201 3184 1242 τε

569 1277 690 1340 τὸν
734 1276 951 1361 ἄνδρα
1005 1276 1335 1359 θεώμενοι
1454 1276 1525 1340 οἵ
1563 1299 1635 1340 τε
1690 1276 1764 1340 τὸ
1822 1275 2087 1358 συμβὰν
2140 1272 2624 1349 ἐπακούσαντες
2783 1275 3025 1350 πάντες
3069 1282 3187 1358 τῆς

567 1377 896 1458 σωτηρίας
956 1373 1339 1457 ἀπείπαμεν.
1504 1370 1650 1438 ἀλλ’
1712 1372 1748 1438 6
1804 1373 2059 1458 μάρτυς
2112 1372 2319 1438 αὐτὸν
2373 1373 2484 1437 δια
2539 1381 2653 1457 τῆς
2707 1374 2946 1449 νυκτὸς
3001 1374 3185 1438 ἰασά-

461 1555 474 1561 σ
568 1494 766 1555 μενος
917 1470 1164 1556 ἡμέρας
1225 1470 1734 1555 ὑποφαινούσης
1812 1469 2141 1535 ἀπέλυσεν
2303 1469 2540 1555 [αὐτὸν
2608 1470 2934 1536 ἀπελθεῖν
3003 1470 3185 1555 ὑγιῆ,

570 1569 737 1634 ὥστε
782 1568 951 1654 ἡμᾶς
999 1569 1170 1634 ἰδεῖν
1213 1567 1325 1634 καὶ
1369 1570 1713 1653 θαυμάσαι
1760 1572 1916 1634 λίαν
1960 1569 2035 1633 τὸ
2083 1567 2402 1651 γεγονός].

474 1673 549 1729 25
747 1675 1021 1732 τοιαῦτα
1065 1668 1146 1730 τὰ
1192 1675 1311 1730 τοῦ
1359 1666 1556 1749 ἁγίου
1608 1668 1855 1731 τούτου
1906 1667 2583 1751 θαυματουργήματα,
2731 1666 2943 1743 οὕτως
2988 1665 3188 1745 ὀξέως

565 1765 724 1848 ἡμῖν
771 1767 887 1841 τὰς
934 1765 1141 1841 ἰάσεις
1184 1763 1611 1850 προχέουσιν·
1713 1763 1824 1830 καὶ
1870 1772 2076 1828 ταῦτα
2123 1762 2371 1829 ἐνθάδε
2415 1762 2606 1850 μέχρι
2650 1761 2761 1829 καὶ
2808 1765 3096 1850 σήμερον

569 1853 677 1927 οἷα
721 1861 832 1927 καὶ
877 1862 1170 1948 ποταμὸς
1218 1861 1640 1948 ἐπιρρέουσιν
1754 1860 1867 1928 καὶ
1915 1859 2144 1926 οὐδενὶ
2190 1863 2418 1946 χώραν
2462 1862 2773 1927 διδόασιν
2890 1871 2981 1950 τῷ
3028 1881 3188 1928 συν-

567 1970 701 2044 εχεῖ
744 1969 859 2043 τῆς
916 1960 1284 2044 ἐκβλύσεως
1479 1970 1883 2043 κατανοῆσαι
1929 1961 2214 2043 βεβαίως
2266 1957 2378 2024 καὶ
2438 1969 2671 2044 στῆσαι
2726 1969 2840 2044 τῆς
2886 1961 3190 2036 διανοίας

524 2059 641 2123 5τὸ
690 2060 864 2142 ὄμμα
918 2059 1084 2142 πρὸς
1137 2059 1212 2122 τὸ
1268 2060 1648 2142 λεγόμενον,
1793 2068 1930 2123 τῶν
1985 2056 2315 2142 δευτέρων
2370 2057 2881 2143 ὑπαμειβόντων
2934 2057 3192 2135 εὐθέως

568 2157 647 2220 τὰ
695 2156 1068 2239 φθάσαντα.
1195 2155 1412 2220 πάντα
1458 2153 1581 2239 μὲν
1627 2151 1753 2220 οὖν
1801 2156 1890 2231 ὡς
1936 2161 2190 2241 εἴρηται
2237 2156 2394 2220 τάδε
2440 2164 2561 2221 τοῦ
2605 2158 2941 2242 μάρτυρος
3064 2181 3187 2240 μα-

568 2253 734 2339 κρὸν
779 2251 864 2317 ἂν
911 2259 1011 2337 εἴη
1057 2254 1221 2318 κατὰ
1267 2254 1386 2318 τὸν
1432 2255 1729 2338 παρόντα
1776 2253 2012 2339 καιρὸν
2078 2253 2545 2335 διηγήσασθαι.
2698 2252 2819 2332 ἔξω
2864 2256 2992 2340 γὰρ
3040 2249 3193 2319 οἴδα

572 2360 689 2417 τοῦ
735 2354 961 2437 πρόσω
1010 2353 1397 2437 φερόμενος,
1548 2349 1659 2416 καὶ
1717 2353 2198 2434 συνεπίσταμαι
2255 2351 2380 2433 τὴν
2432 2349 2844 2437 παρέκβασιν
2896 2354 3194 2436 βιαζόμε-

571 2473 707 2532 νος,
872 2447 1010 2514 ἀλλ’
1070 2449 1241 2514 ἐάσω
1289 2449 1525 2514 λοιπὸν
1574 2449 1922 2535 ἐκφράζειν
1968 2450 2047 2513 τὰ
2104 2450 2373 2536 ἄρρητα.
2536 2454 2607 2514 τί
2646 2450 2773 2534 γὰρ
2819 2447 2931 2515 καὶ
2978 2452 3188 2514 δεῖται
3223 2509 3237 2526 ,

500 2565 552 2603 10
574 2550 792 2631 λόγων
838 2547 1131 2635 ἐναργῶς
1176 2551 1476 2634 παρόντα
1520 2549 1602 2612 τὰ
1646 2547 1997 2635 πράγματα
2152 2544 2261 2611 καὶ
2307 2546 2596 2635 αὐτοψίᾳ
2639 2554 2868 2623 καθῶς
2910 2545 3021 2612 καὶ
3056 2547 3188 2630 ἤδη

568 2650 973 2732 προείπομεν
1019 2648 1093 2713 τὸ
1140 2653 1370 2731 θαῦμα
1414 2647 1852 2731 πιστούμενα;
2007 2645 2167 2732 ὁρᾷς
2211 2646 2328 2710 τὸν
2375 2646 2595 2729 χωλὸν
2641 2645 2873 2725 δεξιῶς
2921 2646 3191 2711 ἐναλλό-

568 2767 793 2828 μενον,
886 2745 1052 2831 πρὸς
1098 2746 1393 2831 δορκάδα
1437 2743 1825 2830 παράλυτον
1872 2743 2355 2827 ἁμιλλώμενον,
2462 2744 2580 2808 τὸν
2626 2745 2888 2828 τυφλὸν
2933 2741 3196 2829 ὁρῶντα

567 2842 734 2927 πρὸς
780 2843 992 2926 ἥλιον,
1145 2844 1264 2907 τὸν
1308 2843 1541 2927 κωφὸν
1586 2840 1742 2907 ὡσεὶ
1790 2842 2004 2926 λύραν
2049 2842 2522 2925 φθεγγόμενον
2610 2839 2720 2905 καὶ
2766 2848 3190 2927 ψιθυρισμοῦ

570 2938 996 3006 ἐπακούοντα.
1202 2949 1445 3027 μικροῦ
1499 2938 1609 3004 καὶ
1673 2939 1914 3015 πάντες
1975 2939 2046 3005 ol
2083 2939 2249 3024 πρὸς
2313 2938 2434 3021 τὴν
2496 2937 2883 3025 ἱερομηνίαν
2943 2940 3195 3021 ταύτην

499 3054 550 3094 15
571 3035 1097 3123 συναγερθέντες
1173 3046 1294 3102 τοῦ
1368 3037 1565 3120 ἁγίου
1627 3037 1871 3102 τούτου
1930 3042 2456 3122 θαυματουργοῦ
2518 3039 2885 3122 γεγόναμεν
2947 3036 3189 3122 πάρερ-

572 3154 721 3218 γον·
870 3134 905 3199 6
952 3130 1075 3219 μὲν
1121 3136 1247 3220 γὰρ
1295 3136 1543 3221 λύτρον
1598 3142 1813 3218 ψυχῆς
1865 3131 1975 3198 καὶ
2020 3134 2456 3218 παράκλησιν,
2627 3134 2926 3219 σώματος
2983 3135 3186 3211 ἄλλος

571 3233 973 3318 άνάρρωσιν,
1116 3231 1337 3317 ἔτερος
1385 3238 1564 3298 ἴασιν
1609 3240 1824 3315 ψυχῆς
1869 3253 1939 3296 τε
1983 3229 2095 3296 καὶ
2141 3232 2442 3316 σώματος
2609 3231 2721 3298 καὶ
2774 3242 2902 3309 πᾶς
2956 3232 3187 3299 ὁτιοῦν

570 3330 833 3406 πάντως
896 3329 967 3395 ἐκ
1019 3338 1140 3395 τοῦ
1196 3328 1391 3413 ἁγίου
1449 3327 1846 3415 ἐκέρδαινεν.
2019 3329 2219 3407 αὐτὸς
2263 3327 2300 3393 6
2348 3328 2563 3412 λέγων
2610 3330 2737 3414 ἐγὼ
2783 3333 2853 3395 τί
2890 3330 3018 3415 γὰρ
3067 3329 3191 3395 οὐκ

573 3429 852 3511 ἔπαθον,
1057 3429 1126 3491 τί
1168 3424 1242 3492 δὲ
1288 3427 1411 3493 οὐκ
1459 3427 1845 3514 ἐνηργήθην
1887 3426 2019 3492 ὑπὸ
2065 3436 2188 3492 τοῦ
2246 3427 2607 3513 μάρτυρος;
2789 3430 2855 3491 τί
2907 3423 3034 3493 οὖν
3078 3426 3190 3492 καὶ

501 3544 555 3583 20
575 3525 965 3611 φράσοιμεν,
1093 3525 1364 3590 πάντων
1410 3524 1474 3604 ἐξ
1522 3517 1618 3590 ὧν
1665 3527 1925 3589 ἔπαθον
1961 3522 2423 3608 διηγουμένων
2468 3527 2549 3589 τὰ
2594 3526 2906 3610 θαύματα
3055 3524 3198 3610 [καὶ

573 3624 652 3686 τὰ
713 3625 921 3688 οἰκεῖα
987 3622 1226 3706 πάθη],
1292 3623 1372 3688 οὐ
1436 3630 1700 3709 θρῆνον
1763 3620 1875 3687 καὶ
1940 3623 2319 3710 τραγῳδίαν
2377 3624 2848 3709 δυσπρόσιτον,
3045 3624 3193 3690 ἀλλ’

574 3719 791 3804 ὕμνον
832 3718 944 3785 καὶ
1002 3723 1277 3786 ἔπαινον
1452 3718 2015 3807 προβαλλομένων
2062 3719 2471 3805 εὐχάριστον.
2621 3721 3013 3799 αὐτόλεκτος
3068 3724 3196 3809 γὰρ

576 3816 875 3901 ἐξήγησις
1009 3817 1050 3901 ἡ
1097 3828 1231 3883 τῶν
1275 3825 1519 3883 παθῶν
1564 3820 1818 3901 γίνεται
1868 3824 2059 3894 ἴασις.

701 4008 704 4015 ·
753 3999 783 4046 3
820 3993 1111 4062 θεώμενον
1148 3993 1199 4046 Α
1248 3996 1256 4063 Ι
1308 3993 1519 4056 ἐκεῖνος
1554 3993 1612 4046 Μ
1663 3997 1671 4062 Ι
1722 3993 2087 4063 ἐργοδιῶκται
2136 3997 2267 4050 ante
2318 3995 2415 4048 καὶ
2451 3996 2502 4048 A
2551 3997 2560 4063 Ι
2611 4001 2642 4049 6
2680 3993 3028 4059 κωλυθέντες
3064 3998 3199 4066 post

574 4072 771 4140 μικρὸν
791 4073 840 4125 Α
872 4075 879 4141 Ι
913 4078 944 4126 8
984 4072 1263 4142 ἔτυψανΑ
1296 4077 1304 4142 Ι
1340 4079 1404 4126 13
1445 4074 1621 4128 αὐτὸν
1659 4090 1764 4127 om.
1795 4073 1855 4126 M
1887 4077 1895 4144 Ι
1927 4075 2059 4143 ὑγιᾶ
2082 4075 2141 4127 Μ
2169 4079 2187 4144 ΙΙ
2217 4080 2303 4142 25,
2334 4081 2361 4128 1
2401 4074 2473 4129 τὰ
2510 4078 2639 4144 post
2675 4073 2839 4145 ἁγίου
2863 4076 2923 4130 Μ
2954 4079 2963 4145 Ι
2995 4076 3198 4130 τούτου

575 4168 681 4205 om.
712 4151 770 4203 M
803 4155 810 4220 Ι
856 4151 915 4205 ἐκ
952 4156 1169 4208 πολλῶν
1208 4150 1368 4222 ὀλίγα
1404 4156 1536 4222 post
1570 4157 1745 4223 θαυμ.
1787 4154 1914 4207 add.
1945 4154 2003 4207 M
2045 4157 2053 4222 Ι
2096 4161 2127 4208 2
2167 4152 2467 4226 προχέουσι
2505 4154 2555 4207 A
2605 4152 2858 4224 προχέων
2886 4154 2946 4208 M
2986 4159 2994 4224 Ι
3035 4154 3198 4225 τῆμε-

575 4231 744 4299 ρονΜ
767 4230 773 4301 Ι
800 4227 1139 4284 ΒδϊδόασιΜ
1161 4230 1549 4286 διαδιδόασιΑ
1582 4236 1589 4302 Ι
1623 4231 2155 4305 δάπαμειβόντωνΑ
2187 4238 2195 4304 Ι
2231 4234 2552 4297 6πάντεςΜ
2583 4236 2591 4304 Ι
2622 4233 2821 4289 τάδεΑ
2838 4254 2909 4289 τα
2931 4235 3196 4307 τοῦδεΜΙ

573 4309 1129 4381 θάυματουργήματα
1163 4315 1293 4382 post
1330 4312 1609 4382 μάρτυρος
1645 4314 1773 4369 add.
1805 4313 1865 4366 M
1896 4316 1904 4383 Ι
1939 4312 2060 4369 ww
2097 4333 2204 4369 om.
2235 4315 2284 4367 A
2315 4319 2324 4384 Ι
2358 4313 2410 4369 εὶ
2434 4315 2492 4368 Μ
2531 4309 2565 4387 ᾖ
2596 4315 2646 4368 Α
2677 4317 2686 4384 Ι
2719 4321 2750 4368 9
2790 4315 2989 4384 δεῖξαι,
3040 4315 3139 4370 sed
3169 4316 3199 4380 ξ

572 4392 762 4462 potius
800 4390 1191 4460 compendium
1228 4392 1481 4461 sylla-bae
1509 4413 1620 4461 ται,
1647 4393 1705 4446 Μ
1738 4396 1745 4462 Ι
1781 4396 1848 4446 1Ὀ
1877 4391 2044 4463 λόγον
2071 4394 2130 4447 Μ
2166 4395 2363 4449 λοιπὸν
2395 4395 2445 4448 Α
2476 4398 2484 4465 Ι
2517 4396 2614 4449 καὶ
2652 4398 2789 4450 ante
2830 4394 2936 4465 ἤδη
2974 4413 3080 4449 om.
3112 4394 3194 4466 ΜΙ

577 4478 639 4526 11
689 4470 759 4525 τὰ
804 4470 1075 4540 θαύματα
1111 4471 1169 4524 Μ
1221 4473 1228 4539 Ι
1287 4472 1647 4543 καθεκάστην
1690 4476 1821 4543 post
1867 4491 2011 4530 πιστ.
2059 4474 2185 4528 add.
2225 4474 2284 4526 M
2334 4474 2342 4543 Ι
2396 4476 2589 4540 δεξιῶς
2635 4493 2741 4530 om.
2774 4474 2835 4528 M
2886 4479 2896 4546 Ι
2956 4473 3194 4530 εὐαλλό-

574 4571 744 4620 μενον
762 4552 813 4604 Α
851 4547 1148 4620 ἐνλόμενον
1167 4550 1226 4604 Μ
1258 4554 1266 4621 Ι
1301 4557 1367 4605 12
1386 4553 1485 4607 τὸν
1503 4554 1857 4621 τυφλὸν-13
1879 4552 2036 4623 ἥλιον
2065 4555 2268 4608 (168111ιῦ
2295 4552 2355 4606 in
2373 4554 2432 4607 M
2464 4558 2471 4624 Ι
2508 4561 2573 4607 13
2602 4555 2728 4609 ὡσεὶ
2765 4555 2941 4624 λύραν
2980 4573 3088 4610 om.
3108 4556 3159 4608 A
3184 4557 3192 4627 Ι

578 4637 643 4686 16
685 4630 951 4700 σωμάτων
989 4632 1037 4685 Α
1071 4634 1078 4701 Ι
1114 4636 1177 4685 17
1201 4629 1469 4700 ἕτερος-
1492 4635 1741 4703 σώματος
1776 4651 1883 4688 om.
1911 4634 1962 4686 A
2004 4637 2011 4704 Ι
2056 4638 2122 4687 18
2159 4632 2382 4698 πάντως
2425 4637 2557 4704 post
2592 4632 2757 4705 ἁγίου
2795 4635 2854 4689 Μ
2900 4636 2913 4706 Ι
2964 4632 3194 4703 ἐκέρδα-

581 4730 678 4766 νεν
725 4712 781 4763 Μ
815 4715 824 4781 Ι
859 4717 923 4765 19
963 4711 1288 4783 εὐηργήθην
1328 4713 1376 4766 Α
1417 4712 1424 4783 Ι
1468 4719 1534 4767 20
1571 4712 1795 4778 πάντως
1831 4714 1891 4768 Μ
