3611 5264
534 324 617 388 28
1686 325 1869 394 Caput
1899 326 1964 379 H.

676 483 1098 555 πελαγοδρόμου
1136 485 1231 538 καὶ
1259 482 1558 555 κάνθαρον
1593 485 1811 554 τροφήν
1849 504 1951 540 σοι.
2007 490 2188 555 θορῆς
2224 486 2450 540 subesse
2489 486 2805 555 suspicatur
2841 486 3144 555 Dieterich,

672 565 1004 634 praesertim
1033 583 1159 618 cum
1196 568 1462 634 sequatur
1498 582 1602 619 vox
1635 566 1849 634 ‘vocum’
1883 566 2070 637 (φύσις
2097 594 2164 612 ---
2195 569 2447 637 cunnus),
2484 567 2569 621 ita
2605 569 2670 621 ut
2696 567 2919 621 mulieri
2957 584 3146 622 semen

673 645 834 699 virile
869 646 930 699 in
968 663 1148 699 cunno
1186 662 1393 714 ponere
1430 646 1864 715 praeciperetur.
1939 647 2152 701 Tamen
2189 664 2315 700 cum
2350 663 2484 701 voce
2524 648 2760 702 ‘estszvocc’
2804 648 3143 717 coniungen-

676 726 809 779 dum
836 726 1059 779 videtur
1093 722 1212 794 αἷμ’
1256 723 1478 795 ἱέρακος
1513 743 1694 795 neque
1731 742 1860 781 vero
1899 743 2043 796 quae
2081 728 2435 783 antecedunt.
2511 725 2685 796 δέρμα
2724 725 3046 797 φοινίκινον
3084 730 3143 781 et

673 802 938 861 κόκκινον
974 824 1021 858 v.
1060 823 1115 874 p.
1148 810 1231 859 25.
1307 804 1484 875 δέρμα
1522 804 1698 877 γυπός
1735 806 1849 860 alia
1885 806 2170 862 Dieterich
2207 808 2428 877 Nekyia
2464 827 2519 877 p.
2549 814 2637 876 47,
2666 815 2714 863 4.

530 912 910 997 Amphiarai
975 914 1231 978 oraculo
1298 915 1538 979 sanatis
1605 917 2030 980 constitutum
2097 922 2235 982 erat
2294 922 2697 1004 argentum
2761 917 2864 983 vel
2915 941 3142 983 aurum

530 1013 865 1197 ῗίξὲείέιῧη
928 1011 1005 1074 in
1069 1012 1361 1077 fontem
1447 1013 1795 1096 proicere
1862 1037 2064 1099 prope
2128 1014 2441 1099 templum
2494 1016 2816 1081 fluentem.
2921 1014 3137 1102 (PauS.

687 1159 705 1193 ,
781 1161 791 1172 .

679 1240 747 1294 cf.
800 1256 945 1308 quae
996 1240 1235 1295 Aristidi
1288 1259 1321 1295 a
1372 1242 1477 1295 deo
1532 1259 1633 1311 per
1683 1261 1939 1297 somnum
1988 1243 2350 1313 imperantur,
2400 1260 2472 1298 ne
2522 1243 2692 1298 tertio
2739 1243 3001 1314 deinceps
3049 1244 3141 1298 die

674 1322 911 1373 mortem
940 1321 1124 1389 obeat,
1153 1321 1251 1375 ubi
1281 1339 1406 1375 cum
1437 1322 1550 1376 alia
1578 1322 1720 1392 legis
1740 1325 1863 1377 tum
1889 1324 2030 1378 haec
2049 1325 2119 1393 (II
2139 1330 2340 1392 400,26
2353 1325 2468 1393 K.):
2499 1323 2687 1378 ἔπειτα
2717 1321 3140 1394 ἀναστρέφοντα

671 1399 914 1471 λαβόντα
961 1398 1258 1470 κέρματα
1297 1400 1613 1473 διαβαίνειν
1649 1422 1709 1456 τε
1752 1403 1854 1458 τὸν
1899 1405 2204 1473 ποταμὸν
2243 1404 2338 1458 καὶ
2374 1401 2829 1473 ἀπορρίπτειν
2866 1407 2975 1458 κτλ.
3050 1405 3137 1458 In-

673 1480 870 1533 dorum
898 1497 1011 1548 rex,
1043 1498 1168 1535 cum
1195 1482 1365 1536 Indus
1393 1481 1547 1551 ripas
1577 1483 1974 1552 superavisset,
2005 1484 2178 1538 atris
2215 1483 2393 1538 tauris
2422 1487 2591 1552 atque
2622 1483 2780 1552 equis
2811 1484 3139 1538 sacrificatis

673 1576 900 1615 auream
927 1561 1074 1615 vasis
1101 1561 1457 1617 frumentarii
1497 1563 1741 1633 effigiem
1780 1564 2045 1619 fluctibus
2083 1563 2357 1619 immersit
2397 1563 2660 1619 Philostr.
2679 1564 2746 1619 V.
2768 1564 2951 1633 Apoll.
2980 1565 3031 1618 Π
3053 1571 3136 1620 19.

702 1849 842 1915 Iam
878 1850 959 1913 ad
995 1850 1190 1913 finem
1225 1850 1649 1934 pervenimus.
1731 1851 1883 1917 Non
1924 1851 2129 1916 multa
2167 1851 2425 1937 quidem
2464 1855 2632 1937 sunt,
2672 1875 2834 1937 quae
2871 1852 3137 1936 scripto-

526 1972 630 2013 res
680 1948 870 2013 nobis
917 1948 1198 2034 tradunt,
1245 1952 1460 2012 tamen
1507 1949 1721 2035 aliqua
1767 1950 1933 2015 ratio
1982 1949 2272 2034 intellegi
2325 1953 2553 2033 potest.
2645 1948 2735 2013 Iis
2782 1950 2951 2014 enim
2998 1950 3136 2014 riti-

533 2047 674 2129 buS,
722 2068 882 2130 quos
934 2047 1052 2111 sub
1099 2046 1322 2112 ‘victu'
1370 2048 1867 2132 composuimus,
1912 2048 2209 2112 videlicet
2256 2048 2506 2111 efficere
2543 2046 2864 2131 volebant,
2909 2051 2983 2111 ut
3026 2047 3138 2112 ho-

525 2145 773 2208 minum
853 2145 1054 2208 animi
1130 2167 1168 2208 a
1233 2144 1518 2228 corporis
1605 2146 1988 2232 contagione
2068 2146 2522 2229 liberarentur,
2587 2168 2779 2229 quam
2850 2145 2932 2209 ad
3003 2167 3138 2209 rem

524 2242 1014 2326 perpetrandam
1076 2242 1365 2327 profecto
1431 2243 1765 2327 aptissima
1830 2248 2010 2308 erant
2054 2243 2365 2308 ieiunium
2429 2243 2806 2307 castimonia
2859 2243 3137 2328 vigiliae.

524 2338 813 2404 Alterius
860 2362 1011 2405 vero
1061 2340 1304 2405 ordinis
1349 2345 1689 2424 praecepta
1736 2342 1802 2405 in
1851 2342 1931 2406 iis
1977 2342 2389 2426 potissimum
2426 2340 2829 2405 caerimoniis
2868 2343 3136 2425 reperiri

524 2442 814 2524 possunt,
862 2460 1027 2522 quae
1073 2438 1391 2502 lustrandi
1429 2438 1533 2502 vel
1568 2439 1949 2524 purificandi
1999 2461 2188 2504 causa
2227 2443 2556 2523 susceptae
2575 2437 2625 2526 1)
2674 2461 2819 2503 cum
2857 2438 3136 2505 inferum

532 2536 711 2600 cultu
759 2558 1104 2620 eorumque
1148 2537 1556 2601 veneratione
1603 2538 1978 2603 coniunctae
2025 2560 2162 2603 esse
2208 2537 2433 2603 solent.

702 2634 931 2718 Neque
976 2656 1127 2699 vero
1175 2635 1313 2698 sine
1358 2635 1575 2719 aliqua
1621 2658 1811 2701 causa
1856 2636 2379 2702 adnotationibus
2417 2636 2824 2701 uberioribus
2864 2659 2897 2700 e
2940 2660 3138 2721 papy-

530 2733 620 2796 ris
667 2732 934 2818 magicis
983 2731 1296 2795 eiusmodi
1343 2731 1521 2797 locos
1576 2734 1913 2798 attulimus
1923 2785 1940 2818 ‚
1998 2734 2231 2818 quibus
2290 2734 2545 2798 eosdem
2599 2734 2764 2796 ritus
2822 2734 2888 2797 in
2944 2735 3137 2798 caeri—

528 2830 763 2894 moniis
818 2829 1086 2916 magicis
1144 2830 1419 2895 usitatos
1474 2830 1673 2896 fuisse
1730 2830 2173 2896 declararetur.
2268 2830 2407 2908 Qua
2462 2831 2531 2895 in
2593 2853 2663 2896 re
2718 2853 2889 2896 nunc
2942 2831 3133 2917 paulo

529 2926 791 2992 dilatius
839 2931 938 2991 est
983 2926 1438 2992 disserendum.

703 3023 919 3108 Atque
964 3025 1088 3088 hoc
1125 3024 1382 3109 quidem
1420 3026 1577 3090 satis
1616 3030 1868 3092 constat
1904 3026 2069 3090 ritus
2107 3026 2390 3111 magicos
2426 3024 2803 3111 plerumque
2842 3026 2919 3091 de
2956 3027 3135 3092 cultu

525 3122 790 3186 deorum
836 3122 1288 3187 chthoniorum
1336 3123 1650 3208 originem
1698 3124 1925 3188 ducere
1937 3122 2017 3211 2):
2064 3122 2384 3206 quomodo
2429 3122 2537 3187 hic
2580 3122 2995 3188 lustrationes
3042 3126 3136 3188 in-

528 3221 998 3304 staurabantur,
1044 3225 1118 3284 ut
1164 3221 1440 3285 inferum
1487 3222 1581 3285 ira
1617 3223 1995 3307 placaretur,
2033 3219 2231 3283 simili
2266 3220 2457 3285 modo
2496 3220 2543 3284 ii
2583 3216 2837 3305 qquue
2873 3221 3135 3286 lustrari

526 3317 868 3403 debebant,
930 3319 1040 3402 qui
1093 3322 1359 3383 naturae
1414 3341 1643 3383 arcana
1698 3320 1765 3383 in
1823 3319 2134 3382 ditionem
2189 3339 2371 3382 suam
2427 3318 2771 3383 studebant
2826 3318 3132 3404 redigere.

524 3413 751 3498 Itaque
814 3416 1187 3498 saepissime
1243 3417 1312 3479 in
1373 3417 1636 3500 papyris
1702 3416 1971 3501 magicis
2033 3416 2492 3499 praescribitur
2546 3415 2778 3499 ἁγνεία
2792 3415 2843 3504 3)
2911 3417 3014 3481 vel
3058 3421 3131 3483 τὸ

524 3511 852 3595 ἁγνεύειν.
926 3513 1228 3597 Exempli
1274 3515 1482 3598 gratia
1520 3515 1597 3578 cf.
1635 3514 1935 3597 wessely
1982 3513 2088 3578 Gr.
2125 3512 2247 3577 ZP.
2284 3537 2343 3597 p.
2384 3514 2488 3598 22,
2517 3512 2630 3578 52:
2675 3516 3135 3599 προαγνεύσας

524 3607 580 3687 ζ’
626 3608 871 3696 ἡμέρας
918 3608 1242 3696 (attendas
1296 3634 1634 3676 numerum
1683 3611 1768 3700 7).
1818 3612 1902 3675 ib.
1946 3611 2091 3694 101,
2129 3611 2331 3677 3209:
2387 3610 2716 3694 ἁγνεύσας
2769 3610 3014 3697 ἡμέρας
3051 3610 3133 3690 ζ’.

703 3842 754 3902 1)
794 3840 862 3895 cf.
901 3840 1062 3894 Paus,
1101 3840 1128 3892 I
1157 3845 1242 3906 34,
1272 3845 1327 3894 5:
1385 3840 1482 3894 καὶ
1527 3848 1748 3908 πρῶτον
1785 3838 1889 3910 μὲν
1938 3838 2387 3908 καθήρασθαι
2423 3836 2739 3907 νομίζουσιν
2776 3837 2925 3902 ὅστις
2959 3832 3134 3908 ἦλθεν

515 3917 843 3991 Ἀμφιαράῳ
875 3916 1226 3989 χρησόμενος.
1300 3919 1406 3973 Vel
1452 3919 1522 3973 de
1568 3919 1876 3988 Trophonii
1923 3918 2175 3988 supplice
2219 3918 2296 3972 id.
2334 3918 2411 3971 IX
2448 3924 2535 3985 39,
2566 3924 2621 3973 5:
2678 3917 3041 3987 διαιτώμενός
3074 3938 3134 3972 τε

524 3998 778 4053 ἐνταῦθα
833 3997 903 4052 τά
947 4017 1006 4052 τε
1053 3998 1190 4053 ἄλλα
1236 3999 1620 4067 καθαρεύει
1665 4002 1776 4054 κτλ.
1868 4000 2065 4067 Itaque
2118 4000 2188 4053 de
2236 3998 2584 4052 descensuris
2626 3998 2879 4052 lustratis
2932 3998 3138 4052 dicitur

528 4078 898 4148 ἁγνεύσαντες
952 4077 1263 4147 ὡρισμένως
1308 4079 1477 4134 schol.
1525 4079 1617 4133 Ar.
1656 4078 1804 4132 Nub.
1855 4083 1957 4132 508
1994 4079 2084 4134 ΙΠ.
2125 4078 2378 4148 Apostol.
2425 4077 2581 4132 XVII
2607 4083 2691 4132 30.
2766 4077 3135 4148 ἁγνεύσαντες

524 4155 830 4226 ὡρισμένας
867 4154 1072 4225 ἡμέρας
1101 4158 1270 4212 schol.
1301 4158 1337 4214 1.
1369 4176 1413 4213 c.
1444 4159 1520 4226 V3
1550 4158 1618 4213 cf.
1650 4157 1804 4212 Suid.
1836 4176 1876 4212 s.
1906 4177 1953 4211 v,
1990 4163 2165 4228 Τροφ.
2196 4158 2497 4227 μυούμενοι
2524 4174 2749 4226 quoque
2775 4156 3136 4211 nominantur

523 4235 906 4305 Trophonium
966 4237 1274 4291 consulturi
1327 4238 1490 4306 quasi
1549 4238 1820 4307 mysteria
1874 4238 2145 4292 adeuntes
2192 4237 2363 4292 schol.
2410 4237 2556 4292 Nub.
2606 4242 2708 4292 508
2746 4237 2787 4306 Ι,
2836 4237 2962 4306 ipsa
3006 4252 3133 4289 vero

522 4315 813 4370 incubatio
860 4348 929 4356 -
965 4316 1162 4386 μύησις
1208 4317 1311 4386 ib;
1351 4319 1418 4373 cf
1459 4319 1686 4373 Cosmas
1717 4319 1790 4372 ad
1840 4318 2002 4388 Greg
2051 4319 2187 4372 Naz.
2226 4316 2419 4386 Migne
2455 4319 2496 4372 t.
2528 4323 2595 4370 38
2632 4335 2686 4386 p.
2720 4322 2847 4371 513:
2906 4313 3135 4371 ἐποίουν

525 4394 587 4449 δὲ
615 4394 833 4458 τελετας
858 4415 1016 4458 τινας
1044 4396 1100 4450 οἱ
1127 4396 1426 4460 κατιόντες.
1493 4397 1733 4452 Omnino
1760 4397 2045 4452 hominem
2071 4396 2355 4466 integrum
2383 4413 2504 4451 esse
2533 4397 2856 4466 oportebat.
2893 4396 3133 4465 periuris

524 4493 637 4528 non
689 4474 902 4529 licebat
959 4475 1227 4530 incubare
1271 4477 1414 4546 Iovi,
1478 4478 1662 4531 Plaut.
1728 4477 1883 4532 Curc.
1934 4483 2037 4532 268
2058 4494 2139 4546 sq.
2214 4476 2557 4532 Protesilaus
2612 4477 2809 4531 oderat
2857 4476 3135 4543 moechos,

524 4555 783 4610 Philostr.
823 4556 952 4610 Her.
985 4561 1087 4610 679
1125 4574 1178 4625 p
1215 4562 1333 4625 148,
1364 4558 1480 4611 6Κ

704 4638 756 4704 2)
797 4635 865 4690 cf
905 4635 1190 4690 Dieterich
1229 4601 1481 4690 Abraxas
1519 4654 1572 4707 p.
1607 4642 1726 4704 157,
1756 4643 1805 4693 2.

709 4717 762 4786 3)
802 4716 870 4774 cf.
909 4715 985 4772 ib.
1022 4732 1078 4787 p.
1112 4721 1212 4771 158
1233 4717 1296 4770 A.
