3611 5264
606 363 731 427 108
1748 363 1931 432 Caput
1965 363 2057 417 IV.

600 528 889 611 ficetum,
947 550 985 591 a
1039 525 1289 592 Iustino
1336 524 1401 590 H
1465 523 1834 614 (565—78)
1898 530 2277 592 renovatum
2338 547 2476 591 esse
2537 526 2773 590 dicitur
2787 523 2855 610 1).
2947 523 3216 591 Accedit

601 626 874 709 denique
922 625 1188 690 ecclesia
1234 646 1724 710 anargyrorum‚
1781 647 1976 710 quam
2032 625 2202 689 idem
2248 623 2535 690 Iustinus
2592 623 2666 690 ἐν
2711 636 2851 702 τοῖς
2896 628 3215 711 Δαρείου,

600 723 781 787 cuius
841 724 1124 810 regionis
1186 724 1349 788 situs
1411 724 1692 789 incertus
1753 745 1892 787 esse
1950 723 2231 809 videtur,
2296 726 2621 787 exstruere
2675 722 2888 807 coepit
2900 719 2968 809 ²).
3061 720 3216 787 Gra-

599 820 935 888 vissimum
988 822 1289 906 Procopii
1345 821 1584 906 locum‚
1641 821 1752 906 qui
1807 822 1890 885 ad
1944 821 2107 886 illud
2164 820 2430 886 Cosmae
2487 825 2550 885 et
2603 819 2907 885 Damiani
2961 842 3215 885 sacrum

600 922 871 1003 spectat,
927 919 1041 983 ubi
1099 918 1408 983 miracula
1463 941 1502 983 a
1556 920 1743 985 nobis
1790 922 2067 984 tractata
2101 919 2273 983 facta
2318 923 2485 1002 sunt,
2531 919 2662 984 iam
2700 940 2894 1002 supra
2938 942 2998 1002 p.
3041 919 3141 1002 76,
3172 919 3213 983 3

598 1017 1069 1101 descripsimus.
1174 1016 1678 1083 Blachernarum
1736 1017 2050 1102 templum
2117 1020 2181 1081 et
2237 1037 2488 1081 sacrum
2555 1039 2593 1080 a
2638 1016 2912 1080 Paulino
2968 1017 3216 1081 exaedi-

601 1116 881 1200 ficatum,
917 1138 1078 1200 quae
1105 1115 1480 1202 Ducangius
1520 1115 1828 1200 confudit,
1868 1115 2297 1180 distinximus.
2346 1113 2792 1190 Quaerendum
2835 1118 2948 1200 est,
2993 1118 3212 1179 utrum

598 1212 873 1277 alterum
921 1235 1140 1278 eorum
1188 1212 1356 1277 idem
1404 1213 1489 1277 sit
1535 1218 1729 1297 atque
1774 1213 1962 1278 aedes
1999 1235 2037 1276 6
2073 1212 2389 1297 Procopio
2429 1216 2940 1278 commemorata.
3006 1213 3211 1298 Regio

604 1311 843 1394 eadem,
887 1333 1038 1375 nam
1094 1310 1447 1396 Procopius
1507 1312 1575 1376 in
1632 1316 1918 1376 extremo
1980 1311 2125 1375 sinu
2182 1311 2249 1374 in
2303 1310 2496 1375 litore
2552 1309 2816 1375 sinistro
2871 1310 2973 1375 vel
3027 1310 3215 1375 meri-

599 1410 839 1473 dionali
886 1410 1057 1474 ultra
1102 1408 1493 1474 Blachernas
1538 1410 1854 1494 templum
1900 1409 2063 1473 illud
2118 1408 2314 1473 situm
2371 1409 2570 1473 fuisse
2618 1409 2799 1493 dicit3
2846 1409 3018 1492 quod
3062 1429 3210 1473 cum

594 1507 854 1572 Paulini
901 1529 1080 1572 sacro
1128 1508 1443 1572 convenit.
1516 1506 1836 1572 Nonnihil
1881 1511 2097 1571 tamen
2135 1507 2378 1591 dubito,
2426 1507 2577 1591 quia
2613 1507 2785 1592 apud
2817 1506 3210 1591 Procopium

597 1607 965 1670 inornatum
1013 1605 1173 1669 illud
1220 1610 1414 1690 atque
1459 1605 1746 1691 ignobile
1791 1605 2181 1689 aedificium,
2237 1627 2356 1689 pro
2403 1628 2531 1690 quo
2579 1605 3007 1670 clarissimum
3053 1610 3210 1670 tem-

593 1704 774 1789 plum
823 1705 1141 1769 exstruxit
1185 1702 1601 1789 Iustinianus‚
1648 1704 1718 1769 ἐκ
1764 1709 2051 1769 παλαιοῦ
2100 1702 2426 1768 exstitisse
2484 1704 2746 1789 dicitur,
2802 1703 2868 1767 id
2924 1704 3096 1787 quod
3141 1704 3211 1767 in

597 1825 847 1867 sacrum
896 1801 1284 1887 imperatore
1331 1802 1691 1867 Theodosio
1729 1801 1982 1866 Minore
2029 1824 2066 1865 a
2110 1801 2383 1866 Paulino
2440 1802 2845 1866 aedificatum
2900 1802 3010 1866 vix
3056 1823 3211 1885 qua-

594 1900 753 1965 drat.
848 1900 987 1977 Qua
1034 1900 1236 1985 igitur
1283 1901 1352 1965 in
1395 1923 1466 1965 re
1522 1900 1731 1965 adhuc
1787 1900 2002 1964 dubiis
2057 1898 2245 1963 nobis
2294 1899 2691 1964 haerendum
2747 1921 2884 1964 esse
2938 1898 3210 1985 videtur,

593 2020 982 2082 quamquam
1029 2003 1290 2063 auctore
1335 1998 1631 2083 Eugenio
1680 1997 2147 2063 Oberhummer
2198 1998 2305 2061 hic
2360 1997 2495 2063 illic
2550 1999 2627 2064 de
2680 2021 2809 2063 una
2864 1997 3211 2081 eademque

593 2096 859 2161 ecclesia
906 2096 1122 2181 agitur
1134 2094 1204 2184 3).
1296 2095 1517 2162 Unum
1575 2096 1834 2180 quidem
1891 2097 2196 2161 adnotare
2249 2119 2383 2160 non
2440 2096 2983 2181 praetermiserim
3036 2096 3210 2180 quod

591 2196 874 2259 fortasse.
909 2194 1212 2279 Procopii
1273 2193 1468 2259 verba
1519 2194 1594 2260 ἐκ
1648 2200 1935 2260 παλαιοῦ
1988 2195 2195 2279 premi
2252 2194 2486 2259 iubeat.
2577 2194 2893 2280 Ecclesia,
2950 2194 3027 2258 de
3081 2216 3210 2277 qua

592 2292 852 2377 dicitur,
908 2292 975 2355 in
1039 2297 1325 2357 extremo
1384 2296 1521 2356 erat
1581 2291 1757 2377 sinu,
1819 2293 1932 2357 ubi
1985 2292 2177 2357 hodie
2237 2296 2450 2357 exstat
2510 2292 2890 2358 suburbium
2950 2291 3121 2377 Ejub
3132 2291 3208 2380 4),

592 2390 812 2474 itaque
857 2391 1153 2474 proxime
1199 2414 1237 2455 a
1282 2391 1425 2456 loco
1477 2389 1609 2476 illo,
1655 2391 1770 2455 ubi
1821 2414 1899 2455 ex
1966 2391 2252 2475 antiquis
2297 2392 2698 2477 temporibus
2744 2391 3208 2456 Dioscurorum

596 2497 846 2553 sacrum
903 2490 985 2553 ab
1057 2489 1339 2575 aegrotis
1394 2489 1925 2574 frequentabatur
1981 2488 2086 2577 (cf.
2134 2513 2194 2574 p.
2246 2487 2376 2576 79).
2475 2489 2957 2555 Declaravimus
3014 2512 3209 2574 supra

597 2586 896 2652 Cosmam
946 2591 1011 2652 et
1045 2587 1435 2653 Damianum
1472 2588 1794 2654 artissime
1831 2588 2296 2653 Dioscurorum
2335 2588 2538 2654 cultui
2577 2610 2715 2654 esse
2753 2589 3205 2656 adnectendos:

589 2708 717 2770 qua
754 2708 899 2750 cum
946 2710 1014 2751 re
1052 2687 1294 2772 optime
1332 2688 1686 2773 conveniat,
1725 2688 1781 2751 si
1827 2687 2350 2772 antiquissimum
2390 2709 2856 2773 anargyrorum
2891 2687 3204 2772 templum

588 2785 658 2849 in
705 2785 924 2848 eadem
973 2808 1099 2869 qua
1144 2785 1404 2850 illorum
1453 2806 1703 2850 sacrum
1750 2786 2011 2871 regione
2059 2787 2490 2870 quaerendum
2538 2787 2643 2851 sit.

767 2882 1064 2966 Quinque
1112 2884 1315 2970 igitur
1360 2884 1462 2951 vel
1508 2906 1621 2948 sex
1660 2884 1929 2949 Cosmae
1975 2889 2040 2949 et
2074 2885 2378 2949 Damiani
2425 2905 2603 2949 sacra
2643 2882 3206 2969 Constantinopoli
3307 2895 3314 2901 ”

590 2982 884 3045 videmus
932 2982 1274 3066 exstitisse,
1322 3003 1597 3065 quorum
1642 3006 1872 3066 unum,
1919 2982 2388 3047 Blachernense
2436 2983 2710 3066 scilicet,
2758 2986 2927 3047 certe
2971 2983 3209 3048 Thera-

586 3080 806 3162 pontis
866 3080 1008 3143 aedi
1068 3080 1352 3144 vicinum
1413 3078 1630 3166 erat5).
1722 3080 1822 3144 De
1879 3078 2193 3144 Michaele
2254 3081 2364 3164 qui
2424 3103 2625 3166 prope
2683 3080 3070 3165 Byzantium
3136 3081 3203 3145 in

587 3175 930 3241 Sosthenio
975 3200 1091 3262 per
1147 3199 1443 3242 somnum
1501 3179 1769 3242 sanabat
1828 3178 2119 3242 infirmos
2175 3202 2234 3263 p.
2276 3178 2360 3243 65
2383 3201 2520 3263 sqq.
2578 3179 2845 3264 egimus.
2936 3177 3204 3243 Accedit

590 3275 762 3358 quod
810 3275 1003 3339 etiam
1054 3274 1274 3360 Cyrus*
1308 3281 1372 3340 et
1417 3274 1689 3341 Ioannes
1737 3276 1808 3340 in
1852 3276 1992 3360 ipsa
2036 3277 2194 3340 urbe
2239 3298 2369 3340 non
2419 3277 2672 3361 desunt3
2721 3277 2797 3341 cf.
2838 3299 3000 3361 quae
3035 3276 3203 3342 Acta

586 3377 784 3437 sanct.
834 3373 956 3438 ian.
1007 3378 1050 3439 t.
1090 3373 1154 3438 H
1199 3398 1259 3459 p.
1306 3374 1495 3459 1084,
1529 3374 1610 3438 19
1668 3397 1702 3438 6
1756 3374 2040 3438 menaeis
2094 3374 2456 3459 proferunt:
2516 3380 2798 3440 τελεῖται
2855 3372 2930 3440 δὲ
2986 3374 3027 3458 ἡ
3083 3375 3201 3441 αὐ-

768 3622 819 3690 1)
857 3620 956 3676 τὸν
993 3629 1105 3676 τῶν
1141 3618 1320 3676 θείων
1349 3618 1700 3691 Ἀναργύρων
1739 3621 1882 3676 ναὸν
1921 3620 1980 3675 ἐν
2018 3629 2135 3683 τοῖς
2163 3618 2494 3675 Βασιλίσκου
2524 3625 2616 3691 (sc.
2640 3618 2944 3684 Ἰουστῖνος
2979 3620 3204 3677 ἀνεκαί-

586 3705 725 3772 νισε)
763 3702 956 3755 Zonar.
989 3700 1118 3754 XIV
1149 3707 1214 3755 10
1251 3719 1304 3770 p.
1339 3706 1460 3769 285,
1484 3707 1512 3752 ’7
1553 3700 1719 3755 Dind.
1751 3700 1820 3755 cf.
1850 3700 1925 3755 ib.
1955 3719 2009 3770 p.
2042 3706 2162 3768 285,
2196 3707 2255 3754 1:
2298 3699 2359 3764 ὃς
2409 3705 2503 3772 (sc.
2542 3701 2811 3770 Iustinus)
2859 3702 3085 3773 εὐσεβὴς
3120 3699 3200 3757 ὢν

583 3783 713 3844 τοὺς
762 3779 918 3849 παρὰ
963 3789 1063 3835 τοῦ
1103 3779 1509 3836 Ἰουστινιανοῦ
1555 3779 1912 3850 δομηθέντας
1959 3777 2246 3849 ἐπεκόσμει
2295 3781 2483 3843 ναούς.
2559 3800 2606 3835 ν.
2657 3780 2830 3836 etiam
2876 3782 2962 3835 Du
3010 3781 3199 3852 Gange

585 3861 773 3932 Cpolis
812 3861 1000 3916 christ.
1030 3861 1111 3915 IV
1140 3868 1188 3930 6,
1218 3866 1287 3915 27
1323 3881 1377 3932 p.
1410 3867 1476 3915 83
1490 3860 1536 3929 b,
1573 3861 1672 3915 ubi
1710 3861 1964 3915 conferas
2000 3861 2185 3914 locum
2224 3860 2519 3931 Originum
2556 3860 2832 3931 Cpolitan.

762 3942 814 4010 2)
853 3942 1016 3996 Anno
1057 3949 1084 3997 1
1142 3942 1436 3997 Benedicti
1479 3942 1505 3994 I
1549 3957 1732 4011 papae
1778 3941 2068 4011 (574-78)
2108 3939 2407 4003 Ἰουστῖνος
2453 3941 2483 3995 ὁ
2534 3943 2790 4013 βασιλεὺς
2834 3941 3039 4010 ἤρξατο
3087 3940 3199 3997 κτί-

584 4025 697 4085 ζειν
737 4064 747 4075 .
790 4062 801 4073 .
845 4065 854 4075 .
893 4021 998 4091 τὴν
1047 4019 1341 4090 ἐκκλησίαν
1390 4029 1504 4075 τῶν
1550 4018 1725 4090 ἁγίων
1755 4019 2106 4091 Ἀναργύρων
2145 4022 2206 4076 ἐν
2241 4030 2359 4084 τοῖς
2410 4018 2657 4090 Δαρείου
2707 4022 3075 4091 Theophanes
3104 4023 3201 4077 t.1

581 4118 636 4168 p.
668 4105 789 4167 375,
812 4105 878 4154 14
912 4101 996 4155 ed.
1036 4101 1211 4155 Bonn.
1255 4100 1320 4155 cf.
1361 4117 1656 4154 menaeum
1693 4100 2037 4155 Bartholom.
2079 4101 2495 4156 Gutlumusiani
2532 4101 2607 4155 ad
2646 4107 2693 4156 5.
2733 4102 2863 4156 mai.
2902 4119 2955 4171 p.
2988 4109 3055 4156 20
3077 4102 3193 4175 ἕψοι

581 4187 648 4250 τῇ
704 4180 846 4249 αὐτῇ
900 4177 1077 4254 ἡμέρᾳ
1133 4180 1317 4251 μνήμη
1381 4189 1481 4250 τῆς
1538 4180 1828 4248 ἀθλήσεως
1879 4190 1992 4236 τῶν
2056 4178 2232 4251 ἁγίων
2289 4181 2583 4250 μαρτύρων
2651 4181 2955 4250 Νεοφύτου
3018 4180 3198 4238 Γαΐου

581 4260 680 4313 καὶ
718 4263 987 4316 Γαῖανοῦ.
1024 4263 1259 4315 τελεῖται
1304 4259 1368 4314 δὲ
1415 4260 1449 4329 ἡ
1496 4261 1681 4316 αὐτῶν
1727 4261 1956 4327 σύναξις
2003 4261 2064 4316 ἐν
2108 4266 2183 4333 τῷ
2230 4266 2408 4334 σεπτῷ
2453 4263 2552 4316 καὶ
2602 4260 2876 4335 σεβασμίφ
2921 4267 3041 4335 ναῷ
3084 4267 3201 4319 τῶν

582 4335 758 4409 ἁγίων
796 4338 1041 4405 ἐνδόξων
1078 4341 1175 4394 καὶ
1210 4344 1662 4411 θαυματουργῶν
1681 4339 2033 4412 Ἀναργύρων
2069 4345 2135 4395 Κ.
2175 4342 2272 4395 καὶ
2310 4345 2375 4395 Δ.
2415 4347 2490 4415 τῷ
2531 4342 2654 4397 ὄντι
2691 4341 2753 4396 ἐν
2789 4351 2907 4405 τοῖς
2934 4339 3196 4411 Δαρείου.

759 4420 812 4488 3)
850 4419 913 4474 Ε.
978 4419 1381 4474 Oberhummer
1441 4420 1957 4492 Constantinopolis
2021 4420 2454 4493 (Sonder-Abdr.
2519 4440 2620 4477 aus
2684 4421 3199 4493 Pauly-wissowas

579 4500 756 4569 R.-E.)
793 4517 847 4570 p.
876 4499 968 4568 4¹³,
998 4505 1085 4554 37.

756 4581 811 4650 4)
850 4580 917 4634 cf.
947 4579 1024 4634 ib.
1055 4598 1104 4633 v,
1136 4583 1220 4633 50.

758 4660 811 4729 5)
850 4660 902 4715 S.
942 4658 1186 4715 Theclae
1223 4676 1446 4730 quoque
1495 4664 1619 4717 erat
1663 4661 1904 4718 ecclesia
1948 4661 2302 4734 machel-nis,
2349 4664 2418 4723 cf.
2456 4664 2818 4719 Mordtmann
2862 4664 3031 4734 Esqu.
3070 4666 3190 4735 top.

582 4744 612 4805 s
642 4744 727 4810 61,
750 4745 780 4793 6
816 4757 869 4811 p.
902 4746 969 4795 38
982 4747 1024 4796 ο.
