3611 5264
559 357 644 421 92
1714 353 1896 423 Caput
1930 353 2022 408 IV.

557 519 715 584 adeo
782 519 862 583 iis
927 520 1245 604 repletum
1310 522 1447 584 erat
1510 515 1853 602 templum,
1917 520 1991 582 ut
2056 517 2282 582 ceteris
2345 516 2712 601 hospitibus
2774 516 2843 581 in
2898 515 3174 581 sacrario

557 621 728 682 esset
792 619 1170 684 morandum
1186 616 1256 705 ¹).
1357 616 1685 681 Mirabiles
1752 639 1897 680 cum
1961 617 2126 680 fiunt
2190 617 2580 697 curationes,
2649 615 2829 680 adest
2901 613 3174 679 aliorum

558 716 893 780 hominum
960 717 1071 799 qui
1144 717 1213 780 in
1279 737 1455 781 sacro
1522 718 1861 779 versantur
1933 719 2208 798 caterva,
2293 736 2565 797 quorum
2631 714 2847 778 omnia
2911 730 3072 797 quae
3137 737 3175 778 a

561 815 798 878 sanctis
846 815 1215 879 efficiuntur
1262 814 1395 878 suis
1444 813 1808 896 conspicere
1855 812 2058 878 oculis
2103 813 2208 877 vel
2257 812 2536 877 maxime
2583 813 2862 877 interest.
2952 812 3176 877 Precae

557 911 847 976 tionibus
908 913 1075 977 inter
1134 935 1203 977 se
1259 912 1565 976 adiuvant
1620 910 2027 994 incubantes,
2087 912 2260 994 quod
2319 910 2621 996 cognosci
2679 914 2896 995 potest
2952 933 2986 975 e
3031 912 3171 977 mir.

560 1011 664 1092 32,
701 1009 877 1075 3524
897 1011 971 1094 B,
1016 1011 1130 1075 ubi
1175 1010 1339 1096 legis
1385 1011 1566 1075 haec:
1614 1005 1747 1093 εἶχε
1794 1006 1868 1075 δὲ
1912 1008 2022 1074 καὶ
2067 1010 2319 1087 πάντας
2356 1009 2533 1096 αὐτῷ
2582 1010 2740 1085 τοὺς
2787 1008 2861 1074 ἐν
2904 1017 2995 1097 τῷ
3043 1019 3173 1097 νεῷ

556 1110 1180 1195 συμπρεσβεύοντας
1221 1106 1332 1173 καὶ
1378 1110 1494 1185 τὰς
1528 1103 1696 1194 ὑπὲρ
1734 1108 1943 1173 αὐτοῦ
1982 1109 2164 1185 λιτὰς
2199 1106 2644 1192 ποιουμένους
2682 1109 2811 1172 σὺν
2848 1108 3173 1193 δάκρυσιν

553 1204 663 1271 καὶ
707 1213 1127 1293 πληροῦντας
1164 1206 1583 1290 φιλάδελφον
1626 1205 1988 1292 πρόσταξιν
2034 1207 2108 1271 τὸ
2159 1206 2496 1291 τεὔχεσθαι
2543 1204 2614 1292 (l.
2651 1203 2956 1292 εὔχεσθε)
3003 1203 3170 1292 ὑπὲρ

556 1305 893 1389 ἀλλήλων,
949 1306 1126 1382 ὅπως
1183 1307 1343 1391 ἰαθῇ
1403 1327 1472 1370 τε
1527 1303 1596 1391 (l.
1636 1302 1940 1391 ῑαθῇτεγ.
2029 1304 2360 1369 Dorothea
2413 1327 2528 1388 per
2582 1326 2880 1369 somnum
2926 1326 2964 1367 a
3009 1327 3172 1368 mar-

553 1404 806 1488 tyribus
871 1403 1117 1468 monita
1179 1403 1388 1467 filium
1449 1403 1560 1486 qui
1619 1402 1933 1487 serpentis
1999 1425 2191 1468 ovum
2266 1406 2614 1467 comeserat
2683 1402 2827 1467 loco
2891 1402 3168 1467 indicato

552 1502 907 1586 prosternit
951 1505 1257 1586 πλήθους
1309 1507 1564 1567 πολλοῦ
1617 1511 2034 1587 παρεστῶτος
2086 1499 2558 1587 περιμένοντος
2613 1502 2783 1566 ἰδεῖν
2836 1501 2959 1584 τὴν
3011 1500 3171 1565 άπό-

554 1603 754 1683 βασιν
799 1600 904 1683 34,
934 1598 1110 1663 3540
1135 1598 1181 1664 O
1231 1597 1337 1686 (cf.
1377 1599 1460 1664 ib.
1499 1597 1669 1663 3541
1693 1597 1800 1686 A).
1897 1596 2133 1663 Contra
2179 1621 2323 1663 cum
2376 1599 2733 1663 haereticus
2782 1599 3041 1681 quidam
3087 1599 3168 1662 ad

561 1720 781 1763 cenam
827 1697 1236 1763 Dominicam
1284 1698 1630 1763 secundum
1678 1696 1979 1762 ecclesiae
2026 1697 2377 1762 catholicae
2422 1698 2619 1761 ritum
2657 1698 2948 1761 accedere
2994 1719 3169 1761 recu-

551 1801 744 1878 saret,
804 1799 982 1882 παρὰ
1041 1808 1175 1862 τῶν
1232 1796 1305 1861 ἐν
1359 1804 1450 1884 τῷ
1506 1804 1635 1883 νεςό
1692 1798 1993 1882 θόρυβος
2050 1794 2188 1860 κατ’
2258 1795 2466 1860 αὐτοῦ
2529 1797 2739 1872 πολὺς
2798 1797 3166 1881 διηγείρετο

549 1894 653 1980 32,
682 1892 945 1959 3529Α.
1008 1933 1091 1940 ——
1159 1892 1375 1980 Signis
1432 1894 1808 1958 marmoreis
1874 1897 2252 1958 exornatum
2321 1896 2458 1958 erat
2528 1893 2841 1978 templum
2860 1890 2938 1981 2),
3004 1915 3165 1976 quae

551 1991 806 2075 Christi,
853 1990 1111 2057 Ioannis
1157 1992 1506 2076 Baptistae,
1557 1990 1707 2075 Cyri
1752 1992 2080 2075 martyris,
2127 1995 2536 2077 aegrotorum
2582 1993 2869 2076 ipsorum
2916 1991 3165 2078 effigies

554 2091 970 2176 exhibebant3
1015 2113 1117 2155 res
1165 2092 1376 2156 variae
1423 2092 1492 2155 in
1538 2091 1940 2155 curationum
2001 2090 2395 2155 mirabilium
2449 2090 2826 2154 memoriam
2881 2094 3166 2154 servatae

552 2211 625 2252 ac
672 2189 1005 2273 propalam
1052 2189 1398 2254 collocatae
1437 2189 1835 2273 supplicibus
1880 2189 2369 2253 inenarrabilem
2417 2188 2867 2273 praedicabant
2922 2194 3165 2254 sancto-

545 2310 687 2351 rum
734 2285 1174 2375 potentiam3).
1268 2286 1446 2353 Sacri
1494 2287 1759 2372 negotia
1803 2309 2154 2373 permagno
2194 2287 2637 2352 ministrorum
2674 2310 2941 2353 numero
2989 2289 3166 2352 cordi

546 2388 757 2470 erant3
814 2386 1050 2468 quibus
1115 2386 1411 2451 omnibus
1471 2389 1762 2470 praeerat
1819 2407 2205 2450 oeconomus
2269 2385 2350 2449 ab
2408 2385 2677 2450 ecclesia
2731 2383 3164 2451 Alexandrina

547 2484 941 2549 constitutus
950 2537 968 2569 ,
1025 2485 1135 2567 qui
1197 2484 1495 2549 suffiendi
1556 2484 1873 2568 imprimis
1929 2506 2190 2548 munere
2249 2480 2721 2570 fungebatur4).
2816 2482 3164 2569 Sophronii

545 2582 946 2666 temporibus
1010 2582 1459 2649 Christodorus
1472 2580 1526 2670 ⁵)
1582 2582 1662 2646 ab
1717 2582 1998 2670 Eulogio
2061 2583 2360 2667 episcopo
2406 2580 2841 2648 Alexandrino
2899 2605 3161 2649 oecono-

545 2678 689 2746 mus
736 2684 944 2747 factus
992 2685 1105 2766 est,
1152 2687 1609 2748 consenserunt
1654 2704 1801 2746 cum
1846 2681 2127 2768 Eulogio
2176 2703 2569 2747 successores
2616 2682 2752 2746 eius
2789 2681 3161 2747 Theodorus

723 2951 774 3019 1)
815 2949 875 3004 ἐν
912 2953 988 3021 τῷ
1019 2953 1195 3021 σεπτῷ
1231 2956 1331 3003 τοῦ
1367 2947 1630 3020 τεμένους
1668 2945 1919 3020 ἱερατείφ
1957 2945 2261 3015 κατέκειτο,
2302 2947 2449 3002 ἔνθα
2489 2948 2585 3001 καὶ
2621 2946 2830 3010 πάντες
2866 2947 2919 3002 οἱ
2958 2947 3161 3014 ξενιζό-

551 3049 712 3097 μενοι
750 3027 1010 3097 μένουσιν
1047 3028 1222 3084 τόπον
1261 3027 1448 3097 ἕτερον
1488 3029 1585 3082 διὰ
1611 3028 1710 3084 τὸν
1759 3028 1961 3083 ἐνόντα
2005 3037 2118 3083 τῶν
2166 3028 2484 3084 νοσούντων
2520 3027 2658 3083 λεὼν
2696 3027 2768 3097 μὴ
2817 3026 3164 3096 εὑρίσκοντες

543 3114 634 3194 37,
667 3115 806 3163 3564
824 3109 889 3162 D.
929 3140 997 3148 —
1038 3108 1364 3163 Causidicus
1404 3109 1630 3177 quidam
1672 3109 1916 3162 occurrit
1953 3113 2037 3177 28,
2068 3114 2207 3163 3505
2228 3108 2283 3162 C.

724 3201 778 3267 2)
818 3195 1104 3266 Νεμεσίων
1146 3241 1156 3251 .
1199 3243 1209 3252 .
1252 3241 1263 3252 .
1302 3195 1468 3267 μέρος
1501 3219 1555 3253 τι
1590 3206 1689 3252 τοῦ
1726 3195 1918 3268 τοίχου
1955 3196 2188 3266 πλησίον
2225 3206 2325 3253 τοῦ
2363 3196 2647 3266 μνήματος
2689 3198 3002 3267 μαρμάροις
3039 3197 3159 3253 ἐκό-

545 3295 766 3347 σμησεν,
804 3279 1044 3346 Χριστὸν
1085 3278 1144 3334 ἐν
1181 3278 1413 3341 ταύταις
1449 3277 1739 3349 (τούτοιςῗ)
1787 3279 1883 3332 καὶ
1927 3276 2202 3349 Ἰωάννην
2248 3278 2347 3334 τὸν
2399 3277 2714 3347 Βαπτιστήν
2758 3297 2817 3332 τε
2867 3280 2965 3333 καὶ
3011 3278 3159 3346 Πρό-

544 3360 756 3427 δρομον
794 3359 892 3412 καὶ
929 3363 1120 3512 Κῢῗὲον
1157 3361 1413 3423 τυπώσας
1447 3359 1546 3414 τὸν
1585 3357 1838 3428 μάρτυρα
1875 3359 1973 3412 καὶ
2010 3357 2211 3414 ἑαυτὸν
2257 3359 2361 3428 τὴν
2410 3358 2715 3431 ἐπὶ,τούτῳ
2760 3359 2926 3429 χάριν
2963 3360 3158 3429 κηρύτ-

539 3459 710 3495 τοντα
749 3445 835 3508 28,
867 3444 1005 3494 3505
1066 3483 1075 3493 .

730 3531 783 3599 3)
824 3528 914 3583 Sic
961 3527 1108 3598 lapis
1156 3546 1261 3583 ovo
1307 3546 1410 3598 par
1446 3528 1840 3598 magnitudine
1877 3546 1912 3582 a
1950 3529 2159 3583 sanctis
2217 3546 2285 3584 ex
2336 3528 2571 3583 Antonii
2623 3528 2879 3582 Thebani
2929 3545 3157 3598 corpore

540 3612 788 3664 remotus
827 3613 958 3664 ante
998 3626 1187 3663 arcam
1224 3626 1442 3663 sacram
1477 3608 1787 3678 pendebat:
1827 3613 1914 3676 48,
1946 3614 2085 3663 3604
2109 3610 2249 3681 BJC.
2291 3609 2359 3663 cf.
2395 3616 2443 3678 1,
2474 3608 2682 3681 3425s8.

723 3703 778 3767 4)
815 3698 1122 3767 παριόντος
1173 3704 1271 3753 τοῦ
1325 3699 1626 3768 οἰκονόμου
1676 3700 1773 3752 καὶ
1824 3698 1961 3768 μετὰ
2007 3706 2196 3770 χεῖρας
2249 3699 2312 3752 τὸ
2359 3697 2738 3766 θυμιατήριον
2794 3698 3018 3767 ἔχοντος
3061 3699 3158 3752 καὶ

540 3783 863 3848 θυμιῶντος
898 3779 961 3832 τὸ
997 3775 1224 3848 τέμενος
1262 3784 1346 3847 31,
1378 3783 1517 3832 3524
1536 3778 1599 3832 Α.
1675 3780 2067 3847 Χριστοδώρου
2106 3778 2210 3848 γὰρ
2257 3782 2580 3847 θυμιῶντος
2623 3786 2690 3849 τῇ
2727 3776 2891 3851 ’τρίτῃ
2937 3778 3000 3832 τὸ
3045 3787 3157 3832 τῶν

542 3856 717 3929 ἁγίων
756 3858 1061 3927 μαρτύριον
1101 3858 1419 3929 (οἰκονόμος
1455 3858 1560 3928 γὰρ
1600 3854 1762 3921 οὗτος
1800 3859 2120 3929 ἐτύγχανεν)
2157 3858 2232 3912 ib.
2271 3859 2333 3912 B.
2375 3859 2603 3929 ἔβλεπεν
2653 3858 2713 3913 ἐν
2752 3857 2985 3929 σχήματι
3022 3862 3156 3926 Χρι-

540 3940 822 4006 στοὸώρου
862 3941 956 4009 (80.
995 3940 1125 4001 τοὺς
1161 3938 1465 4008 μάρτυρας)
1502 3946 1601 3993 τοῦ
1638 3938 1740 4008 τὴν
1778 3937 2056 4009 διοίκησιν
2096 3939 2318 4010 ἔχοντος
2354 3939 2453 3993 τὸν
2483 3938 2626 3994 νεὼν
2654 3938 3026 4008 περιάγοντας
3060 3939 3157 3992 καὶ

538 4021 866 4087 θυμιῶντας
906 4021 1027 4091 Θεῷ
1065 4018 1383 4088 θυμιάμασι
1422 4024 1507 4088 32,
1537 4023 1676 4072 3528
1697 4018 1752 4073 C.
1791 4027 1890 4073 τοῦ
1930 4019 2232 4088 οἰκονόμου
2284 4017 2428 4072 κατὰ
2473 4019 2573 4074 τὸν
2619 4019 2818 4087 καιρὸν
2854 4017 3158 4086 παριόντος

539 4106 639 4152 τοῦ
677 4097 1035 4167 θυμιάματος
1071 4100 1168 4153 καὶ
1204 4098 1267 4154 τὸ
1306 4097 1685 4168 θυμιατήριον
1724 4099 1950 4170 ἔχοντος
1985 4099 2060 4153 ib.
2102 4099 2167 4153 D.

719 4188 773 4256 5)
812 4184 873 4249 ὃς
909 4185 1190 4259 ᾠκονόμοι
1227 4197 1338 4243 τῶν
1376 4185 1551 4258 ἁγίων
1597 4187 1660 4243 τὸ
1697 4187 1923 4257 τέμενος
1970 4193 2019 4255 8,
2049 4193 2188 4241 3437
2209 4187 2273 4241 A.
2315 4187 2404 4259 (cf.
2448 4192 2533 4256 37,
2564 4186 2773 4240 35641)
2813 4188 2871 4240 et
2918 4186 3045 4240 adn.
3084 4187 3155 4255 4.)

540 4266 638 4336 ἐφ’
683 4262 749 4321 οὗ
788 4268 885 4321 καὶ
920 4266 990 4320 τὰ
1026 4277 1145 4331 τοῖς
1189 4268 1425 4337 μάρτυσι
1470 4270 1727 4338 δρώμενα
1772 4267 2050 4338 γράφεται
2095 4265 2298 4336 τέρατα
2344 4266 2420 4321 ib.
2467 4268 2530 4322 B.
2614 4266 2718 4320 Est
2763 4266 3155 4321 Christodorus

538 4346 656 4415 ille,
697 4345 795 4415 qui
832 4346 1049 4400 Mareia
1084 4346 1143 4400 in
1183 4350 1386 4418 stagno
1424 4349 1674 4418 procella
1721 4350 1916 4403 exorta
1962 4366 1997 4402 a
2041 4347 2383 4417 martyribus
2431 4349 2710 4416 servatur,
2758 4366 2805 4400 v.
2845 4346 2967 4401 mir.
2997 4351 3045 4400 8.
3085 4346 3152 4399 cf.

535 4446 590 4497 p.
622 4433 689 4481 85
702 4445 780 4496 sq.
839 4426 1012 4480 Uxori
1050 4425 1185 4496 eius,
1225 4445 1353 4481 cum
1390 4428 1462 4493 ab
1498 4428 1786 4484 oeconomi
1824 4444 2052 4483 munere
2091 4427 2448 4497 suscipiendo
2477 4429 2720 4482 retinere
2751 4442 2877 4481 eum
2910 4426 3153 4493 studeat,

539 4509 817 4577 apparent
854 4506 1062 4575 sancti,
1100 4506 1221 4560 mir.
1263 4514 1310 4561 9.
1354 4508 1421 4562 cf.
1464 4528 1517 4578 p.
1548 4515 1632 4563 86.
1708 4509 1824 4563 Sub
1873 4507 2058 4578 specie
2114 4508 2234 4562 eius
2281 4507 2543 4563 videntur
2588 4508 2764 4577 Cyrus
2817 4508 2875 4561 et
2919 4507 3155 4560 Ioannes

536 4605 637 4657 per
674 4605 955 4654 somnum,
1002 4586 1123 4640 mir.
1156 4593 1240 4640 32.
1271 4587 1339 4641 cf.
1369 4607 1422 4657 p.
1456 4595 1538 4643 84.
1616 4588 1831 4642 Arbitri
1874 4589 1999 4645 loco
2045 4587 2105 4642 in
2152 4587 2255 4643 lite
2303 4589 2612 4644 advocatur
2667 4587 2815 4641 inter
2861 4589 3156 4656 aegrotum

540 4668 599 4720 et
634 4667 974 4735 piscatorem
1010 4670 1167 4736 nata,
1203 4667 1324 4721 mir.
1358 4673 1440 4722 35.
1481 4669 1547 4724 cf.
1578 4688 1632 4739 p.
1664 4675 1748 4724 88.
1814 4669 1922 4724 Pro
1951 4669 2129 4724 altero
2163 4672 2394 4739 aegroto
2432 4669 2485 4723 ei
2521 4666 2832 4724 remedium
2873 4684 2907 4721 a
2945 4664 3154 4720 sanctis

538 4744 839 4817 indicatur,
876 4746 998 4801 mir.
1030 4753 1113 4801 67.
1147 4747 1214 4803 cf.
1244 4766 1298 4817 p.
1329 4752 1412 4802 85.

3582 4416 3589 4475 „⁴⁴
