3611 5264
1156 311 1238 365 De
1278 311 1588 366 incubandi
1623 311 1829 366 ritibus
1865 311 2264 380 symbolisque.
2931 312 3014 376 31

406 479 942 540 commemoratur
988 475 1250 559 λύχνος,
1299 497 1490 558 quem
1537 474 1910 558 adloquitur
1946 474 1981 540 ὁ
2031 476 2220 540 δεῖνα
2266 475 2475 559 idque,
2523 475 2695 558 quod
2738 468 3023 560 aliquan-

401 573 611 636 tulum
657 572 845 656 valet,
892 570 1061 656 ὀψέ,
1100 571 1346 636 scilicet
1381 572 1685 656 vesperi
1731 572 2053 636 indicatur
2087 571 2266 655 hora,
2312 594 2457 636 cum
2495 572 2784 636 cubitum
2832 596 2937 637 eas
2952 573 3019 660 1).

400 669 497 734 De
542 669 779 753 lychno
827 691 1020 754 supra
1080 669 1360 733 diximus
1420 667 1510 756 (p.
1566 670 1652 733 26
1666 668 1815 756 sq.);
1881 670 2160 734 occurrit
2219 670 2389 734 idem
2444 670 2515 734 in
2569 669 2819 734 duobus
2874 670 3020 735 aliis

405 768 812 833 oneiraetetis
829 764 898 854 ²),
946 788 1219 851 quorum
1266 765 1540 831 alterum
1587 768 1927 853 praecipue
1965 768 2036 832 in
2080 766 2201 832 us'u
2238 767 2436 831 fuisse
2483 765 2819 853 videtur-⁰³).
2882 768 3021 834 Nec

403 866 580 931 deest
625 866 696 930 in
740 865 1131 930 oneiraeteto
1178 865 1385 929 Wess.
1422 864 1606 930 Neue
1652 864 1758 930 Gr.
1795 865 1919 931 ZP.
1956 866 2062 950 46,
2094 866 2221 931 769
2254 898 2337 920 =
2365 865 2444 929 Κ.
2478 866 2625 950 107,
2655 866 2802 931 703.
2892 864 3021 928 Hic

404 964 532 1027 iam
602 962 790 1047 plura
852 963 1184 1048 discimus3
1250 962 1632 1027 invocantur
1692 964 1915 1051 κύριοι
1987 967 2145 1029 θεοί
2214 962 2321 1051 (cf.
2367 987 2429 1048 p.
2477 961 2593 1050 30)
2652 963 2780 1028 779
2792 985 2884 1047 sq.
2934 994 3017 1014 =

405 1060 639 1146 713sq.
677 1060 784 1126 K.:
847 1059 1293 1146 χρηματίσατέ
1333 1085 1447 1144 μοι
1493 1059 1645 1147 περὶ
1703 1070 1827 1126 τοῦ
1875 1058 1967 1144 -ᾼ
2033 1061 2417 1147 πράγματος
2476 1060 2559 1126 ἐν
2626 1063 2867 1147 ταύτῃ
2930 1069 3019 1145 τῇ

403 1162 647 1225 νυκτί.
695 1160 773 1223 cf.
805 1180 966 1243 quae
1005 1161 1309 1223 secuntur
1357 1157 1632 1243 790sqq.
1663 1189 1747 1212 =
1780 1158 1911 1222 724
1924 1179 2061 1243 sqq.
2089 1158 2198 1223 K.:
2247 1157 2357 1223 καὶ
2393 1158 2646 1235 ὑπόθες
2682 1156 2795 1245 (sc.
2843 1158 3021 1221 char-

402 1261 537 1321 tam
584 1255 923 1343 magicam)
969 1256 1100 1321 ὑπὸ
1146 1257 1267 1320 τὸν
1313 1256 1564 1340 λύχνον
1608 1280 1684 1322 το
1717 1305 1998 1321 .......
2026 1254 2133 1342 ν4)
2180 1256 2420 1339 ἁγνὸς
2466 1254 2563 1321 ὢν
2606 1267 2851 1340 κοιμῶ
2900 1280 3020 1340 μη-

404 1353 548 1420 δενὶ
595 1356 757 1431 δοὺς
771 1351 825 1441 ⁵)
871 1352 1245 1438 ἀπόκρισιν.
1344 1353 1623 1418 Elucent
1668 1353 1925 1439 singula
1959 1375 2077 1418 nec
2123 1354 2319 1418 verbo
2358 1357 2565 1440 egent.
2647 1353 3018 1417 Adiciamus

403 1452 579 1517 aliud
609 1451 1070 1517 oneiraetetum
1109 1452 1392 1515 eiusdem
1421 1453 1622 1516 Besae
1634 1450 1705 1539 ⁶),
1734 1473 1926 1536 quem
1964 1473 2157 1535 supra
2192 1451 2691 1536 nominavimus3
2730 1474 2787 1516 v.
2827 1451 2911 1515 68
2935 1482 3018 1504 --

405 1551 486 1615 67
523 1549 630 1614 K.:
688 1561 898 1634 κοιμῶ
959 1548 1195 1634 μηδενὶ
1256 1551 1420 1626 δοὺς
1479 1549 1861 1633 ἀπόκρισιν;
1920 1572 1976 1613 v.
2026 1548 2111 1613 85
2142 1579 2226 1602 =
2257 1548 2344 1612 84
2364 1548 2443 1613 K.
2491 1546 2600 1634 (ad
2647 1549 3018 1613 daemonem

403 1645 737 1734 directus):
801 1647 874 1712 ἐν
932 1656 1012 1733 τῇ
1072 1645 1265 1713 νυκτὶ
1324 1648 1528 1733 ταύτῃ
1585 1646 1748 1713 ἐλθέ
1755 1675 1771 1726 ;
1827 1648 2106 1711 insertus
2172 1650 2271 1711 est
2333 1646 2612 1730 hymnus
2679 1647 2746 1709 in
2803 1644 3019 1710 Solem

402 1743 696 1832 (75—82
726 1777 810 1798 =
844 1745 878 1807 7
884 1745 1101 1809 4-81
1134 1743 1271 1832 Κ),
1323 1745 1505 1809 cuius
1559 1745 1825 1809 ultimos
1881 1765 2102 1809 versus
2160 1744 2320 1808 duos
2377 1743 2571 1809 velim
2626 1743 3017 1827 protrahere.
3082 1752 3088 1757 ’

401 1843 736 1928 Leguntur
782 1842 849 1906 in
897 1865 1143 1927 papyro
1192 1840 1301 1929 (81
1320 1863 1413 1927 sq.
1445 1874 1529 1896 =
1560 1841 1752 1925 80sq.
1782 1840 1892 1928 K.)
1939 1842 2064 1907 hoc
2110 1841 2325 1906 modo:

767 1982 854 2041 ην
899 1981 1055 2041 γεης
1096 1964 1461 2042 κευθμῶνα
1507 1964 1713 2041 μολης
1758 1981 2019 2023 νεκυων
2066 1982 2166 2023 ενι
2213 1982 2404 2044 χωρω

768 2065 1032 2139 πεμψον
1077 2062 1319 2140 μαντιν
1365 2054 1431 2134 εξ
1478 2057 1746 2120 αὸυτων
1789 2079 1911 2121 τον
1956 2060 2213 2139 αληθεα
2257 2060 2483 2140 λιτομε
2531 2072 2604 2121 σε
2618 2053 2689 2142 ⁷).

408 2174 600 2256 γαίης
646 2169 890 2234 scilicet
947 2191 1065 2252 pro
1127 2194 1280 2253 γεης
1297 2219 1316 2254 ,
1376 2173 1640 2255 λίτομαι
1695 2194 1814 2254 pro
1870 2177 2097 2256 λιτομε
2156 2171 2589 2254 scribendum,
2645 2171 3020 2255 ceteroquin

408 2270 502 2334 sic
545 2267 929 2333 restituendi
974 2266 1274 2332 videntur
1319 2290 1566 2333 versus:

766 2383 852 2467 ἣν
897 2386 1092 2467 γαίης
1136 2391 1498 2468 κευθμῶνα
1545 2386 1754 2471 μόλῃς
1800 2384 2063 2450 νεκύων
2111 2383 2213 2450 ἐνὶ
2257 2385 2470 2474 χώρῳ,

773 2481 837 2561 ἐξ
885 2481 1153 2546 ἀδύτων
1196 2480 1479 2567 πέμψον,
1527 2485 1814 2567 λίτομαι,
1858 2483 1979 2547 τὸν
2025 2481 2283 2566 ἀληθέα
2328 2483 2571 2566 μάντιν
2583 2480 2655 2568 ⁸).

406 2598 632 2685 Itaque
681 2621 759 2663 ex
806 2597 1084 2663 inferum
1128 2597 1340 2682 adytis
1397 2603 1469 2663 ut
1523 2601 1736 2663 vatem
1793 2618 2169 2683 germanum
2224 2598 2468 2682 mittat,
2525 2595 2638 2663 Sol
2692 2597 3018 2683 adoratur3

402 2697 509 2761 hic
553 2718 809 2782 quoque
857 2696 1166 2760 chthonia
1215 2701 1698 2761 commoventur
1743 2696 2009 2760 numina
2023 2695 2094 2783 ⁹).

586 2893 636 2960 1)
674 2889 752 2944 ib.
796 2895 902 2942 234
922 2906 1003 2957 sq.
1043 2888 1132 2944 W.
1173 2915 1240 2934 =
1280 2881 1384 2941 226
1405 2906 1486 2955 sq.
1527 2888 1619 2943 K:
1659 2886 1826 2943 δίωκε
1861 2889 1962 2944 τὸν
1998 2886 2166 2958 λόγον
2203 2887 2311 2959 ὀψὲ
2347 2888 2489 2957 πρὸς
2523 2888 2623 2943 τὸν
2659 2888 2928 2960 λύχ[ν]ον.

583 2973 636 3040 2)
675 2969 854 3024 Wess.
908 2970 1066 3023 Neue
1124 2968 1215 3022 Gr.
1265 2968 1366 3024 ZP.
1407 2974 1501 3036 28,
1530 2973 1634 3022 258
1656 2986 1736 3037 sq.
1778 2996 1846 3015 =
1883 2969 1949 3024 K.
1990 2975 2085 3036 92,
2116 2974 2219 3022 250
2241 2986 2348 3036 sq.:
2406 2968 2818 3037 ὀνειραιτητόν,
2858 2966 2887 3022 ὃ
2926 2967 3015 3021 ἀεὶ

404 3047 682 3120 κέχρηται.
723 3048 885 3119 λόγος
921 3049 951 3103 ὁ
990 3048 1285 3119 λεγόμενος
1318 3048 1461 3118 πρὸς
1494 3049 1594 3105 τὸν
1631 3048 2019 3119 καθημερινὸν
2055 3049 2260 3120 λύχνον
2287 3052 2396 3103 κτλ.
2431 3048 2505 3102 ib.
2539 3054 2641 3102 263
2683 3047 2769 3102 W.
2810 3074 2878 3093 =
2916 3054 3020 3101 255

403 3130 567 3184 Ken.:
610 3130 756 3183 ἄλλο
795 3129 935 3199 (scih
973 3127 1379 3199 ὀνειραιτητόν)
1416 3129 1557 3198 πρὸς
1591 3129 1692 3184 τὸν
1728 3129 1904 3184 αὐτὸν
1940 3129 2145 3199 λύχνον
2181 3132 2293 3184 κτλ.
2598 3121 2605 3127 ’

585 3212 637 3279 3)
675 3209 823 3263 Nam
859 3210 966 3262 hoc
993 3209 1178 3277 mod0‚
1213 3209 1546 3278 putaverim,
1583 3209 2011 3277 interpretanda
2051 3211 2182 3262 sunt
2208 3209 2320 3263 ista
2349 3210 2518 3263 verba
2557 3207 2587 3263 ὃ
2615 3209 2705 3262 ἀεὶ
2732 3206 3018 3278 κέχρηταιε

408 3289 581 3358 ‘quod
619 3305 838 3358 semper
874 3288 1194 3343 adhibitum
1230 3289 1357 3342 est'.
3041 3285 3050 3288 “

583 3372 638 3440 4)
677 3368 769 3422 Sic
806 3368 960 3438 apud
995 3368 1133 3423 Ken.
1172 3368 1519 3437 impressum.
1576 3387 1675 3423 τον
1712 3368 2130 3441 [προκειμενο]ν
2164 3369 2344 3424 Wess.

585 3451 637 3518 5)
674 3448 880 3502 Wess.:
920 3450 1020 3511 δος
1053 3464 1184 3516 pap.

584 3531 637 3591 6)
673 3529 853 3582 Wess.
892 3528 1050 3581 Neue
1091 3527 1181 3581 Gr.
1222 3527 1323 3583 ZP.
1364 3533 1452 3595 57,
1480 3531 1548 3581 65
1588 3554 1654 3574 =
1692 3528 1759 3583 K.
1801 3535 1922 3597 118,
1951 3537 2044 3584 64:
2084 3530 2468 3599 ὀνειραιτητὸν
2503 3537 2602 3583 τοῦ
2641 3528 2838 3595 Βήσας.

584 3612 636 3679 7)
672 3607 992 3662 Eorundem
1020 3623 1277 3661 versuum
1304 3606 1577 3661 lectiones
1605 3608 1794 3661 variae
1825 3612 2051 3663 exstant
2070 3610 2236 3677 apud.
2266 3610 2445 3663 Wess.
2465 3608 2556 3662 Gr.
2588 3608 2688 3663 ZP.
2710 3614 2796 3675 32,
2816 3613 2919 3661 446
2936 3626 3017 3676 sq.

405 3688 483 3744 ib.
523 3694 609 3757 69,
641 3693 776 3743 1967
800 3706 902 3757 sq„
938 3688 1038 3741 ubi
1084 3687 1235 3741 idem
1273 3688 1513 3756 hymnus
1562 3690 1649 3742 est
1683 3688 1943 3744 insertus.
2016 3689 2226 3744 Videas
2262 3688 2416 3742 illius
2453 3687 2650 3757 hymni
2685 3688 3018 3741 traditiones

406 3767 588 3822 varias
636 3768 975 3837 compositas
1024 3784 1058 3820 a
1105 3767 1285 3821 Wess.
1323 3767 1483 3821 Neue
1521 3767 1613 3823 Gr.
1654 3768 1755 3822 ZP.
1794 3768 1856 3821 in
1893 3768 2259 3823 adnotatione
2297 3769 2369 3823 ad
2408 3769 2593 3822 locum
2630 3767 2722 3822 cit.
2762 3787 2815 3837 p.
2848 3774 2913 3821 59
2936 3786 3015 3835 sq.

406 3848 559 3901 Duos
595 3848 799 3917 papyri
835 3847 1125 3902 Parisinae
1162 3847 1314 3901 locos
1362 3847 1539 3901 artius
1576 3848 1726 3903 inter
1761 3865 1821 3902 se
1850 3849 2147 3904 cohaerere
2183 3849 2349 3903 facile
2387 3848 2704 3917 intellegaS‚
2744 3848 2793 3901 si
2828 3865 3018 3903 versus

408 3927 679 3994 cometae,
717 3927 816 3996 qui
853 3944 1023 3997 supra
1061 3927 1359 3996 descriptis
1396 3928 1761 3997 respondent:

762 4021 867 4070 446
888 4034 995 4085 sq.:
1051 4014 1124 4086 ἢν
1160 4014 1324 4088 γαίης
1359 4020 1661 4085 κευθμῶνα
1699 4015 1871 4090 μόλῃς
1907 4017 2120 4074 νεκύων
2157 4016 2247 4072 ἐπὶ
2286 4019 2504 4088 χώρων,

1044 4095 1273 4167 πέμψον
1311 4094 1556 4164 δαίμονα
1592 4106 1793 4152 τοῦτον
1828 4106 1895 4169 τῇ
1933 4100 2078 4153 δεῖνι
2115 4095 2401 4166 μεσάταισι
2438 4097 2623 4166 ὥραις.

731 4180 866 4229 1967
889 4193 996 4243 sq.:
1042 4174 1114 4245 ἢν
1151 4175 1315 4247 γαίης
1350 4181 1654 4246 κευθμῶνα
1692 4174 1863 4250 μόλῃς
1898 4178 2112 4233 νεκύων
2147 4175 2197 4230 τ’
2242 4176 2326 4231 ἐνὶ
2361 4179 2545 4250 χώρῳ,

1046 4290 1271 4363 πέμψον
1308 4291 1554 4362 δαίμονα
1588 4300 1789 4349 τοῦτον
1819 4291 1969 4356 ὅπως
1997 4291 2319 4362 μεσάταισιν
2387 4272 2679 4362 νωρεσσῗνς.

587 4384 641 4450 8)
678 4379 804 4436 Sive
840 4378 1040 4449 μάντιν
1074 4383 1173 4436 τὸν
1209 4382 1414 4452 ἀληθῆ.

588 4465 642 4532 9)
679 4461 724 4514 Ε
764 4459 851 4514 dis
898 4460 1180 4514 chthoniis
1225 4478 1327 4531 per
1363 4478 1618 4515 somnum
1653 4462 1883 4516 oracula
1917 4461 2321 4532 praebentibus
2365 4463 2426 4518 in
2462 4463 2692 4534 papyris
2730 4462 2891 4516 nobis
2928 4478 3019 4514 oc-

410 4540 585 4595 currit
628 4540 1032 4611 Amphiaraus,
1080 4540 1179 4609 qui
1227 4540 1378 4595 inter
1426 4541 1569 4595 alias
1619 4544 1805 4596 terrae
1857 4541 2263 4613 emanationes,
2316 4561 2552 4612 quarum
2596 4559 2711 4595 una
2762 4556 3018 4608 quaeque

414 4619 690 4692 ’χθόνιος’
733 4620 1064 4692 cognomine
1100 4622 1376 4693 praedita]
1415 4625 1516 4692 est,
1555 4623 1848 4676 invocatur
1875 4622 2054 4676 Wess.
2085 4620 2177 4677 Gr.
2206 4623 2309 4678 ZP.
2341 4630 2425 4693 57,
2467 4622 2654 4692 144ssl7
2669 4645 2681 4675 :
2714 4618 3017 4689 Ἀμφιάραε

408 4701 607 4771 χθόνιε
643 4705 803 4772 (1449
843 4704 1107 4757 secuntur
1144 4700 1407 4770 ὄνειροι
1441 4700 1715 4772 χθόνιοι),
1771 4702 1849 4757 ib.
1886 4720 1939 4771 p.
1974 4708 2075 4756 103
2099 4747 2113 4771 ‚
2144 4708 2175 4755 2
2214 4730 2282 4749 =
2320 4703 2457 4757 Ken.
2498 4707 2584 4769 65,
2616 4706 2644 4752 1
2686 4715 3019 4753 commemo-
