3611 5264
592 346 678 410 84
1751 344 1935 413 Caput
1969 343 2062 399 IV.

598 511 663 575 οἰ
708 508 1035 595 μάρτυρες
1098 561 1110 574 .
1175 561 1188 574 .
1252 561 1264 573 .
1325 511 1487 594 μετὰ
1542 508 1755 591 πάσης
1810 507 2261 591 ἀπελογοῦντο
2322 510 2761 592 πραότητος
2819 507 2925 591 42,
2953 505 3126 573 3585
3149 506 3215 572 O.

588 607 1140 691 μειδιάσαντες
1220 606 1326 691 46,
1369 605 1541 671 3597
1564 604 1642 671 A.
1730 607 1928 683 δότας
1990 607 2315 691 ἱλαροὺς
2373 609 2531 682 τοὺς
2590 604 2823 689 ἁγίους
2876 607 3218 690 θεώμενος

461 783 472 792 ³
598 704 700 790 70,
728 703 1029 790 3669s72.

786 800 1082 867 Offerunt
1130 825 1197 868 se
1242 808 1557 887 martyres
1603 802 1735 866 fere
1781 801 2245 866 monachorum
2291 801 2546 886 habitu,
2591 824 2649 865 v.
2691 800 2793 885 10,
2821 800 2995 864 3449
3014 800 3088 865 Β.
3136 801 3215 865 of.

594 899 696 984 13,
725 899 901 964 3464
923 898 998 986 03
1056 902 1161 984 38,
1190 900 1472 986 3565D3
1546 898 1652 984 52,
1680 899 1853 964 3617
1876 898 1965 985 D3
2033 899 2136 985 70,
2165 898 2339 963 3669
2359 897 2438 964 A.
2540 898 2782 964 Tamen
2847 921 3008 982 quae
3072 899 3212 963 mir.

596 997 697 1082 14,
728 997 903 1062 3468
928 997 989 1061 Α
1045 998 1378 1085 leguntur:
1433 1003 1748 1082 martyres
1809 998 2184 1081 apparuisse
2237 1008 2379 1073 ταῖς
2436 998 2708 1073 οἰκείαις
2762 1007 3051 1083 μορφαῖς
3102 994 3215 1062 καὶ

586 1094 667 1159 οὐ
721 1094 939 1173 ξέναις
984 1098 1407 1184 χρησάμενοι,
1451 1118 1939 1179 nonnumquam
1987 1117 2095 1160 eos
2154 1094 2272 1160 sub
2321 1096 2530 1179 speeie
2585 1096 2792 1159 aliena
2851 1095 3024 1159 visos
3080 1117 3216 1159 esse

593 1192 1053 1259 demonstrant.
1130 1193 1355 1279 Itaque
1399 1195 1699 1260 videntur
1744 1194 1819 1259 έν
1867 1196 2143 1278 σχήματι
2200 1194 2677 1280 Χριστοδώρου
2722 1201 2843 1258 τοῦ
2878 1193 3001 1275 τὴν
3048 1193 3214 1257 διοί-

595 1307 794 1375 κησιν
840 1294 1107 1376 ἔχοντος
1152 1293 1258 1377 32,
1287 1292 1460 1358 3528
1485 1290 1549 1357 C.
1598 1294 1927 1377 σχήμασιν
1977 1293 2220 1382 ἰατρῶν
2268 1291 2373 1377 33,
2402 1290 2576 1356 3533
2595 1290 2673 1354 D.
2727 1290 2800 1356 έν
2835 1289 3212 1355 Ἰουλιανοῦ

596 1398 718 1453 τοῦ
766 1390 1086 1456 διακόνου
1131 1390 1262 1477 θέᾳ
1305 1390 1415 1456 καὶ
1463 1393 1740 1475 σχήματι
1788 1389 1895 1473 36,
1925 1387 2098 1454 3553
2119 1387 2197 1453 A.
2245 1388 2323 1453 of.
2362 1388 2446 1453 ib.
2486 1386 2656 1452 3557
2678 1389 2751 1452 Β.
2807 1388 2881 1454 έν
2926 1392 3212 1475 πρεσβυ-

585 1485 795 1573 τέρων
834 1539 847 1552 .
888 1539 900 1552 .
942 1540 954 1552 .
992 1499 1284 1575 μορφαῖς
1327 1512 1399 1553 τε
1443 1485 1553 1553 καὶ
1601 1490 1930 1572 σχήμασιν
1977 1487 2081 1570 37,
2111 1485 2280 1550 3561
2309 1484 2376 1551 C.
2425 1486 2497 1553 ἐν
2544 1488 2864 1572 ἄρχοντος
2911 1487 3073 1550 εῖδει
3105 1538 3117 1550 .
3150 1538 3162 1551 .
3196 1537 3209 1550 .

584 1594 706 1648 τοῦ
752 1585 874 1667 τὴν
913 1590 1162 1652 Νικίου
1208 1587 1407 1651 πόλιν
1445 1583 1637 1673 (quae
1675 1589 1812 1650 erat
1848 1586 2058 1669 patria
2094 1581 2370 1672 aegroti)
2411 1585 2769 1660 ἰθύνοντος
2807 1584 2910 1668 38,
2941 1582 3113 1648 3569
3128 1582 3206 1649 A.

585 1685 813 1769 Κῦρος
868 1684 903 1748 ὁ
963 1684 1216 1771 μάρτυς
1273 1682 1631 1768 ἐτύγχανεν
1688 1684 1723 1748 ὁ
1781 1692 1904 1748 τοῦ
1958 1684 2205 1770 πατρὸς
2261 1679 2375 1769 (se.
2414 1679 2703 1768 Ioannis)
2763 1683 2884 1765 τὴν
2940 1683 3209 1769 μορφὴν

590 1832 602 1844 .
652 1829 665 1845 .
715 1831 728 1844 .
776 1780 1176 1866 ἀνελόμενος
1223 1834 1236 1847 .
1286 1833 1300 1848 .
1350 1834 1363 1847 .
1401 1779 1716 1864 Ἰωάννης
1777 1778 1853 1845 δὲ
1901 1832 1914 1845 .
1963 1832 1977 1846 .
2034 1832 2047 1845 .
2102 1782 2221 1845 τὸν
2269 1779 2704 1865 Ἀλεξανδρέα
2767 1778 3030 1862 Πέτρον
3089 1782 3208 1845 τὸν

591 1888 725 1943 τῶν
772 1883 1196 1966 πραιτωρίων
1235 1882 1551 1959 εἰκόνιζεν
1588 1883 1881 1965 ἔπαρχον
1921 1879 2024 1965 7Ο,
2053 1877 2226 1942 3668
2249 1876 2315 1942 O.
2402 1876 2816 1943 Christodoro
2856 1900 3206 1943 oeconomo

586 1998 717 2040 una
763 1998 908 2041 oum
956 1978 1195 2041 sanetis
1251 1979 1584 2063 anargyris
1641 1982 1908 2062 apparet
1965 1977 2341 2041 Theodorus
2401 1980 2670 2060 martyr:
2726 1974 2880 2041 καθ’
2949 1976 3210 2053 ὕπνους

591 2073 769 2160 αὐτῷ
820 2078 1255 2160 παραγίνεται
1296 2126 1308 2140 .
1348 2127 1361 2140 .
1402 2127 1414 2140 .
1463 2075 1630 2141 ἀλλὰ
1675 2086 1883 2141 ταῦτα
1928 2072 2050 2160 μὲν
2094 2074 2252 2141 καθ’
2305 2075 2566 2152 ὕπνους
2610 2074 2983 2161 ἐπράττετο,
3028 2074 3206 2161 ὕπαρ

586 2166 659 2234 δὲ
704 2177 839 2236 κτλ.
898 2171 957 2255 8,
987 2172 1156 2236 3441
1181 2171 1259 2237 A.
1274 2171 1339 2237 G.
1431 2172 1791 2238 Diaconum
1839 2175 2158 2257 quendam
2204 2173 2378 2238 videt
2423 2195 2539 2258 per
2584 2195 2883 2238 somnum
2930 2171 3204 2272 Ioannes

581 2268 1009 2334 subdiaconus
1057 2270 1162 2356 37,
1191 2268 1368 2336 3564
1387 2270 1465 2335 D.

754 2366 1080 2454 Aegrotus
1101 2368 1488 2453 compluries
1522 2370 1903 2435 admonetur
1934 2393 1972 2434 a
2008 2369 2420 2454 martyribus,
2440 2392 2585 2434 oum
2607 2371 2857 2434 somnio
2887 2392 3005 2454 pro
3036 2394 3204 2454 φαν-

582 2470 776 2553 τασίᾳ
830 2466 1054 2531 habito
1109 2489 1242 2532 non
1299 2471 1652 2533 exsecutus·
1690 2472 1786 2533 est
1834 2490 2054 2534 eorum
2100 2472 2464 2552 praecepta:
2520 2467 2894 2533 Theodorus
2942 2468 3202 2552 quidam

579 2573 669 2653 τῷ
717 2567 975 2630 τούτων
1022 2574 1199 2654 σηκῷ
1245 2570 1704 2632 κατακλίνεται
1753 2619 1765 2632 .
1817 2619 1829 2631 .
1879 2618 1892 2635 .
1941 2568 2006 2631 οἱ
2052 2564 2127 2631 δὲ
2176 2618 2188 2632 .
2238 2618 2250 2631 .
2300 2618 2313 2631 .
2368 2565 2758 2654 κοιμωμένῳ
2826 2619 2838 2631 .
2888 2618 2901 2630 .
2951 2618 2964 2631 .
3010 2569 3203 2654 παρί-

584 2681 853 2729 στανται
900 2663 1010 2730 καὶ
1057 2665 1379 2749 φανέντες
1425 2665 1675 2731 ἀσπίδα
1721 2677 1964 2750 φαγεῖν
2011 2664 2481 2752 ἐπιτρέπουσιν
2529 2717 2541 2730 .
2591 2717 2604 2730 .
2653 2717 2667 2730 .
2715 2665 2751 2730 ὁ
2801 2662 2875 2730 δὲ
2922 2717 2935 2730 .
2976 2716 2989 2730 .
3030 2717 3043 2730 .
3083 2685 3201 2730 πο-

577 2764 792 2849 νηρὰν
841 2757 1012 2829 εἶναι
1052 2768 1505 2847 φαντασίαν
1550 2768 1828 2849 νομίσας
1865 2766 1939 2829 τὸ
1977 2765 2192 2851 ὅραμα
2233 2774 2368 2829 τῶν
2404 2762 2780 2847 λεχθέντων
2822 2760 3024 2828 οὐδὲν
3069 2765 3203 2827 διευ

576 2859 882 2946 πράξατο.
950 2862 1309 2928 ἱκετεύοντι
1366 2860 1440 2927 δὲ
1494 2861 1604 2928 καὶ
1658 2865 1957 2927 κλαίοντι
2017 2862 2261 2927 πάλιν
2316 2861 2391 2925 έν
2450 2860 2689 2936 ὕπνοις
2746 2859 3076 2946 ὀφθέντες
3135 2863 3206 2927 οἱ

579 2959 759 3042 ἅγιοι
818 2961 898 3023 τὰ
968 2959 1135 3024 αὐτὰ
1205 2971 1423 3026 ποιεῖν
1495 2960 1878 3039 διετάξαντο
1927 3011 1940 3025 .
1990 3013 2001 3025 .
2052 3011 2064 3025 .
2113 2960 2202 3036 ὡς
2257 2955 2330 3023 δὲ
2385 2956 2495 3023 καὶ
2550 2962 2824 3044 τρίτον
2879 2957 3200 3043 φανέντες

576 3057 641 3121 οἰ
685 3057 1013 3142 μάρτυρες
1060 3058 1181 3141 τὴν
1246 3056 1499 3123 ἑαυτῶν
1554 3068 1773 3123 ποιεῖν
1834 3058 1958 3123 οὐκ
2017 3061 2289 3147 ἔπεισαν
2346 3055 2654 3122 κέλευσιν
2701 3108 2713 3122 .
2763 3108 2776 3122 .
2825 3108 2837 3121 .
2886 3055 3199 3134 ἐλθόντες

572 3154 646 3217 τὸ
695 3152 1093 3240 τέταρτον
1142 3206 1154 3219 .
1204 3206 1216 3218 .
1267 3206 1279 3219 .
1328 3153 1493 3240 φασὶ
1539 3161 1674 3220 κτλ.
1723 3155 1830 3240 27,
1859 3154 2035 3218 3500
2054 3154 2132 3220 A.
2179 3155 2258 3220 cf.
2297 3152 2402 3232 δὶς
2450 3152 2524 3219 δὲ
2568 3164 2766 3220 τοῦτο
2825 3165 3044 3220 ποιεῖν
3095 3179 3199 3220 κε-

577 3249 889 3327 λευσθεὶς
954 3250 1048 3316 δι’
1120 3250 1445 3338 ὁράματος
1493 3253 1573 3318 οὐ
1620 3257 1995 3336 πεποίηκεν.
2062 3256 2137 3319 τὸ
2210 3257 2437 3338 τρίτον
2498 3249 2573 3318 δὲ
2636 3263 2773 3318 τῶν
2834 3253 3192 3339 μαρτύρων

572 3349 900 3413 εἰπόντων
944 3354 1079 3414 κτλ.
1133 3349 1232 3433 18,
1262 3350 1434 3413 3477
1456 3348 1533 3414 A.
1581 3351 1670 3427 ὡς
1717 3348 1791 3415 δὲ
1847 3348 1957 3415 καὶ
2020 3349 2123 3426 δὶς
2177 3348 2287 3414 καὶ
2346 3348 2489 3436 τρὶς
2549 3359 2746 3417 τοῦτο
2807 3352 2978 3437 δρᾶν
3033 3353 3193 3426 τοὺς

571 3444 805 3528 ἁγίους
834 3447 936 3511 ἴδε
973 3449 1365 3526 κελεύοντας
1402 3450 1506 3533 28,
1535 3447 1710 3512 3505
1730 3447 1875 3533 BJG.
1914 3448 2364 3535 παραστάντες
2391 3449 2568 3535 αὐτῷ
2599 3448 2918 3524 πολλάκις
2944 3449 3189 3512 καθεύ-

573 3544 763 3609 δοντι
811 3543 916 3627 36,
945 3542 1120 3609 3549
1144 3542 1209 3609 G.
1259 3546 1645 3612 δεικνύουσι
1693 3545 1782 3612 δι’
1836 3546 2165 3634 ὁράματος
2208 3544 2317 3610 καὶ
2366 3543 2685 3631 φανέντες
2725 3597 2737 3610 .
2777 3597 2790 3610 .
2832 3596 2844 3610 .
2883 3544 3189 3611 ἐκέλευον

640 3694 653 3706 .
704 3694 716 3706 .
763 3644 968 3707 πάλιν
1013 3643 1190 3729 αὐτῷ
1238 3645 1403 3708 κατὰ
1447 3647 1604 3721 τοὺς
1649 3645 1905 3721 ὕπνους
1954 3644 2296 3728 ἐφάνησαν
2342 3643 2446 3726 38,
2476 3642 2649 3707 3569
2670 3641 2747 3708 A.
2763 3644 2835 3707 B.

750 3738 1019 3824 Saepius
1051 3740 1447 3823 aliquamdiu
1483 3742 1916 3828 negleguntur
1953 3741 2300 3825 supplices:
2340 3742 2462 3806 οὐκ
2500 3741 2733 3824 ὀλίγου
2772 3738 2846 3806 δὲ
2872 3763 3192 3828 παρεκτα-

572 3836 813 3914 θέντος
886 3848 1204 3924 χρονικοῦ
1279 3841 1716 3925 διαστήματος
1786 3837 1996 3925 μηδὲν
2056 3839 2302 3923 ὀνήσας
2365 3839 2713 3924 ἠθύμησεν
2782 3839 2883 3923 13,
2921 3839 3098 3904 3464
3117 3839 3191 3904 Β.

572 3934 886 4000 ἐνιαυτοῦ
934 3933 1009 4000 δὲ
1056 3935 1204 4013 ἑνὸς
1249 3938 1766 4014 διιππεύσαντος
1812 3946 1927 4023 τῆς
1982 3947 2116 4003 τῶν
2171 3937 2382 4020 ἁγίων
2444 3936 2706 4022 ἀρωγῆς
2760 3935 3025 4020 ἠξιοῦτο
3079 3936 3190 4002 καὶ

569 4033 835 4117 χάριτος
881 4033 987 4116 37,
1016 4032 1185 4097 3561
1214 4033 1279 4100 C.
1326 4046 1593 4121 πρῶτον
1637 4031 1761 4121 μὲν
1805 4037 1933 4123 γὰρ
1982 4034 2089 4100 ἐπὶ
2134 4044 2345 4120 μῆνας
2381 4034 2702 4121 τέσσαρας
2749 4035 3036 4100 έλθόντα
3072 4036 3192 4100 τὸν

570 4128 927 4213 Στέφανον
963 4131 1446 4200 ἀνεπίσκεπτον
1484 4141 1713 4199 εἴασαν
1750 4134 1856 4216 38,
1886 4132 2060 4197 3565
2084 4132 2148 4198 G.
2205 4133 2557 4218 EugeniUS,
2587 4133 2698 4215 qui
2725 4156 2842 4217 per
2866 4134 3187 4198 somnium

568 4232 828 4291 curatur
872 4243 909 4290 a
947 4231 1364 4316 ‘martyribusg
1409 4236 1540 4297 tres
1588 4231 1888 4295 mulieres
1934 4232 2110 4296 videt
2156 4232 2236 4296 ab
2286 4253 2507 4296 eorum
2552 4235 2736 4318 tergo
2785 4232 3192 4296 conclaman-

565 4329 694 4390 tes:
742 4328 924 4402 τίνος
969 4326 1214 4413 ἕνεκεν,
1261 4331 1460 4414 ἅγιοι,
1505 4330 1692 4415 ἡμεῖς
1738 4326 1863 4414 μὲν
1916 4332 2164 4416 χρόνον
2188 4348 2191 4351 ·
2218 4333 2450 4415 ἔχομεν
2510 4330 2758 4396 ἐνθάδε
2814 4332 3187 4415 καθήμεναι

567 4421 677 4487 καὶ
725 4434 867 4499 ταῖς
923 4430 1205 4508 πληγαῖς
1265 4426 1681 4512 ὀδυνώμεναι
1744 4425 1908 4513 (τῶν
1963 4430 2089 4513 γὰρ
2151 4427 2358 4493 ἐκεῖσε
2415 4426 2739 4513 κειμένων
2799 4426 3188 4513 ἐτύγχανον,

565 4522 654 4597 ὡς
700 4522 941 4598 ταύτας
988 4522 1241 4605 έπέγνω
1288 4523 1422 4608 μετ’
1480 4527 1644 4612 ὄναρ
1701 4524 1737 4591 ὁ
1795 4521 2165 4612 ἄρρωστος)
2218 4523 2331 4589 καὶ
2390 4526 2784 4611 νοσημάτων
2840 4527 3027 4591 οὔπω
3073 4547 3185 4591 πε-

564 4620 906 4703 παύμεθα·
970 4615 1190 4696 οὗτος
1228 4618 1303 4685 δὲ
1364 4628 1498 4687 κτλ.
1558 4623 1665 4709 42,
1694 4622 1869 4687 3585
1891 4623 1962 4688 Β.
2033 4624 2215 4707 διετῆ
2275 4627 2523 4711 χρόνον
2583 4624 2712 4690 ἀνὰ
2770 4635 2907 4689 τῶν
2963 4625 3187 4689 αὐτῶν

566 4716 772 4798 σηκὸν
818 4719 1250 4802 διαιτώμενος
1295 4720 1402 4804 48,
1430 4719 1599 4783 3601
1622 4722 1693 4785 Β.
1758 4724 2006 4808 χρόνον
2051 4724 2333 4805 ποιήσας
2391 4726 2649 4806 συχνὺν
2706 4720 2828 4798 ἕως
2883 4716 2966 4787 οὗ
3018 4723 3185 4798 Θεὸς
