3611 5264
426 312 510 375 22,
531 309 722 374 4-24,
743 312 775 359 2
1536 304 1908 374 Therapontis
2137 379 2141 382 -
2908 304 3030 369 131

424 495 551 535 νον
594 474 899 536 τοιοῦτόν
948 469 1184 553 ἔστιν’]
1225 471 1515 553 ιγύναιόν
1561 492 1624 533 τι
1668 480 1802 534 τῶν
1849 469 1973 534 οὐκ
2018 468 2302 553 ἀσήμων
2337 468 2531 552 εὐχῆς
2583 466 2775 533 ἕνεκα
2829 471 3035 553 μόνης

424 567 496 632 έν
542 569 709 655 τῷδε
754 575 845 655 τῷ
895 567 1048 655 ἱερῷ
1097 575 1274 655 σηκςό
1319 565 1733 654 παρεγένετο.
1841 568 2102 656 συμβὰν
2142 563 2217 631 δὲ
2262 565 2437 632 οὕτω
2483 567 2647 630 κατὰ
2683 566 2806 649 τὴν
2851 565 3077 651 ὥραν5

430 666 641 749 αὐτὴν
686 667 958 731 παιδίον
995 665 1284 751 εὑρίσκει
1321 666 1561 751 μικρὸν
1599 665 2208 751 ἀναβρασσόμενον,
2353 663 2482 729 ὑπὸ
2522 666 2838 749 δαίμονος
2876 680 3035 728 συν-

424 775 588 847 εχῶς
645 764 1276 848 ἀνατινασσόμενον,
1410 773 1531 828 τοῦ
1588 761 1782 849 ἀέρος
1838 762 2402 848 ἀποκρεμάμενον,
2575 761 3033 845 ἐκτεινόμενον

426 859 537 926 καὶ
582 862 787 927 πάλιν
824 867 1071 947 αἰφνης
1105 862 1775 947 καταρριπτούμενον.
1902 861 2068 945 πρὸς
2105 856 2178 924 δὲ
2206 860 2324 924 τὸν
2353 860 2549 942 ἅγιον
2574 859 2757 943 ἠφίει
2785 859 3033 942 συχνάς

419 984 487 1024 τε
533 958 644 1024 καὶ
691 960 814 1024 οὐκ
868 959 1195 1043 εὐσήμους
1250 958 1509 1044 φωνάς,
1564 950 1671 1024 οἷα
1726 959 2077 1041 συμβαίνει
2132 955 2241 1021 καὶ
2296 959 2627 1040 γίνεσθαι,
2788 956 2949 1022 ὅταν
2994 955 3030 1021 6

419 1059 678 1142 δαίμων
706 1056 1076 1133 ἀλλοιώσας
1101 1057 1219 1122 τὸν
1250 1056 1749 1142 ἐνεργούμενον,
1839 1054 2089 1132 ἐκεῖνος
2117 1054 2269 1131 ὅλος
2307 1059 2513 1138 λαλεῖ,
2549 1055 2622 1120 τὸ
2652 1057 2859 1139 στόμα
2905 1063 3025 1119 τοῦ
3046 1084 3099 1122 10

422 1156 793 1239 πάσχοντος
912 1156 1089 1220 ἴδιον
1133 1157 1597 1240 τεχναζόμενος
1643 1156 1953 1240 ὄργανον.
2070 1154 2314 1218 τούτου
2370 1161 2538 1235 γοῦν
2583 1150 2624 1235 ἡ
2671 1153 2841 1235 γυνὴ
2889 1153 3031 1217 δια-

421 1252 705 1330 παίξασα
884 1251 994 1317 καὶ
1057 1254 1303 1337 χλεύην
1361 1247 1533 1317 εἶναι
1590 1253 1664 1317 τὸ
1734 1263 2002 1336 πρᾶγμα
2073 1253 2398 1334 νομίσασα
2578 1251 3029 1328 κατετώθαζεν

422 1347 763 1427 ε’ξουθένει
811 1349 1121 1418 διέπτυεν
1251 1346 1360 1414 καὶ
1406 1348 1592 1427 τέλος
1637 1351 1896 1414 πλατὺν
1944 1350 2314 1413 σκεδάσασα
2360 1347 2610 1432 γέλωτα
2752 1349 3029 1413 παιδιὰν

421 1448 702 1514 ε’ποιεῐτο
749 1450 822 1514 τὸ
870 1447 1106 1533 θέαμα.
1252 1446 1397 1529 ἀλλ’4
1451 1447 1486 1513 6
1532 1450 1691 1524 τοὺς
1737 1449 2059 1532 δαίμονας
2103 1452 2385 1530 πληγαῖς
2431 1445 2643 1512 ἀνιῶν
2678 1444 2788 1510 καὶ
2826 1449 3025 1529 βασα-

415 1549 613 1625 νίζων
656 1545 908 1612 ἀθέατα
1070 1546 1192 1612 οὐκ
1237 1548 1516 1630 ἤνεγκεν
1572 1545 1784 1621 οὕτως
1827 1551 2213 1610 πλανᾶσθαι
2259 1546 2333 1609 τὸ
2380 1545 2684 1628 γύναιον,
2868 1542 3010 1608 ἀλλ’
3044 1572 3095 1612 15

417 1643 567 1710 ἀντὶ
614 1653 735 1710 τοῦ
782 1642 1075 1729 ἀσέμνου
1111 1642 1221 1709 καὶ
1267 1644 1603 1730 ἀπρεποῦς
1637 1644 2065 1728 μειδιάματος
2182 1644 2599 1727 σκοτομήνην
2635 1641 2838 1724 αὐτῆς
2877 1664 3027 1706 κατ-

422 1741 794 1827 εσκέδασεν,
923 1743 1034 1808 καὶ
1080 1744 1177 1819 εἰς
1222 1741 1514 1808 τούπίσω
1560 1750 1857 1806 πεσοῦσα
1905 1738 2210 1823 ἐξαπίνης
2255 1741 2506 1825 μεγάλα
2551 1738 2935 1825 ἀνέκραγεν,

418 1839 773 1923 (βοηθεῖτέ
814 1838 1121 1924 λέγουσα,
1169 1840 1544 1924 τδαιμόνιον
1582 1840 1734 1922 ἄρτι
1770 1838 2089 1922 κατέσχον
2133 1835 2244 1903 καὶ
2289 1838 2650 1922 μαίνομαί.
2743 1837 3024 1919 ἀναστή-

416 1955 648 2014 σαντες
679 1928 777 2003 ’δὲ
839 1938 1048 2022 αὐτὴν
1109 1939 1180 2003 οἱ
1232 1939 1726 2024 περιιστάμενοι
1907 1938 2369 2021 προσήνεγκαν
2431 1942 2523 2023 τῷ
2584 1935 2750 2023 ἁγίῳ
2817 1935 3023 2020 Θερά-

414 2057 609 2101 ποντι
782 2034 1390 2120 ε’ξομολογουμένην
1435 2037 1508 2101 τὸ
1563 2031 1935 2120 πλημμελὲς
1980 2031 2090 2100 καὶ
2137 2033 2700 2119 ἀναγορεύουσαν.
2873 2030 3012 2097 ἀλλ’
3043 2061 3095 2100 20

414 2131 658 2218 ἡμέρας
693 2131 885 2199 πέντε
920 2136 1538 2218 προσκαταμείνασα
1663 2134 1910 2209 παντὸς
1949 2130 2270 2218 ἐλευθέρα
2306 2134 2677 2216 νοσήματος
2814 2125 3025 2214 ἦλθεν

414 2229 520 2295 ε’πὶ
567 2233 646 2296 τὰ
696 2233 851 2297 ἴδια.
1281 2281 1293 2290 -

525 2351 528 2354 ’
594 2326 763 2408 εἶδες
791 2330 988 2415 ἁγίου
1015 2330 1388 2415 θαυμάσια;
1481 2323 1681 2413 [εἶδες
1718 2328 1929 2414 ὀργὴν
1968 2330 2447 2413 φιλανθρωπίᾳ
2481 2325 3019 2410 κεκερασμένην;]
3037 2343 3111 2398 23

375 2497 388 2513 ,
419 2430 763 2512 συντόμως
820 2430 1183 2504 παιδεύσας
1240 2428 1438 2511 τάχος
1504 2425 1755 2509 ἰάσατο,
1927 2426 2038 2490 ’ἵνα
2109 2427 2271 2509 μήτε
2336 2423 2799 2508 ἀνεξέλεγκτον
2853 2417 2896 2509 ᾖ
2948 2426 3023 2489 τὸ

416 2526 838 2608 ἀπαίδευτον,
928 2523 1038 2590 καὶ
1084 2525 1158 2589 τὸ
1205 2525 1691 2607 παιδευόμενον
1783 2523 1896 2587 ἵνα
1941 2523 2030 2607 μὴ
2077 2520 2185 2587 ε’πὶ
2231 2525 2404 2588 πολὺ
2452 2521 2888 2606 διελέγχηται’

413 2622 625 2700 οὕτως
672 2617 812 2689 οἶδε
857 2623 937 2688 τὰ
983 2630 1097 2706 τῆς
1146 2622 1379 2698 ἰάσεως
1528 2617 1869 2705 διανέμειν
1914 2619 1950 2686 6
1997 2621 2200 2704 ἅγιος.
2342 2628 2432 2706 πῇ
2476 2617 2600 2705 μὲν
2645 2621 2770 2706 γὰρ
2818 2627 3018 2706 θερα-

408 2722 594 2787 πεύει
641 2722 720 2785 τὰ
766 2717 1056 2805 σώματα,
1205 2720 1364 2785 ὅταν
1423 2718 1493 2784 ἐκ
1538 2719 1783 2784 τούτου
1836 2717 1947 2784 καὶ
2001 2718 2207 2803 ψυχαὶ
2262 2719 2777 2805 θεραπεύονται·
2931 2728 3021 2803 πῇ
3042 2747 3067 2786 5

411 2815 486 2884 δὲ
539 2817 649 2884 καὶ
705 2820 800 2894 εἰς
858 2818 1113 2904 μακρὸν
1172 2819 1548 2903 παρατείνει
1612 2816 1735 2899 τὴν
1794 2816 2174 2899 σωματικὴν
2227 2818 2703 2899 κακοπάθειαν,
2859 2816 3021 2880 ὅταν

415 2925 613 2981 τοῦτο
688 2927 1008 2981 συνοῖσον
1073 2914 1199 3001 ὁρᾷ
1259 2923 1338 3000 τῇ
1397 2922 1608 2999 ψυχῇ,
1671 2912 1782 2978 καὶ
1849 2916 2185 2996 βασανίζει
2249 2925 2544 3003 χρηστῶς
2609 2916 2776 3000 πρὸς
2840 2914 3021 3000 διόρ-

407 3021 649 3079 θωσιν.
784 3009 988 3078 πλέον
1035 3013 1161 3097 γὰρ
1207 3022 1344 3077 τῶν
1386 3021 1621 3094 ψυχῶν
1667 3009 1708 3094 ἢ
1754 3021 1891 3076 τῶν
1937 3011 2260 3096 σωμάτων
2306 3010 2643 3096 ἀντέχεται
2768 3009 2880 3076 καὶ
2926 3034 3020 3075 τι-

411 3123 725 3197 μωρεῖται
790 3112 865 3176 τὸ
930 3121 1116 3194 σῶμα
1179 3107 1269 3177 δι’
1338 3111 1545 3175 ἔλεον.
1705 3120 1839 3173 τῶν
1908 3110 2035 3195 γὰρ
2110 3107 2367 3175 ἐνθέων
2438 3109 2708 3195 ἀνδρῶν
2767 3112 3021 3194 πλήρης

412 3209 636 3286 ἐλέους
681 3208 722 3293 ἡ
768 3211 1049 3295 τιμωρία
1095 3206 1525 3291 καθέστηκεν·
1663 3206 1743 3271 οὐ
1790 3208 1918 3292 γὰρ
1968 3205 2073 3273 ἐπὶ
2119 3208 2193 3272 τὸ
2239 3204 2477 3292 πλῆξαι
2524 3206 2633 3272 καὶ
2681 3206 3020 3289 ἀπολέσαι,
3042 3227 3093 3266 ιο

410 3305 550 3371 ἀλλ’
621 3304 725 3371 ἐπὶ
787 3307 862 3370 τὸ
921 3304 1358 3391 μεταστρέψαι
1412 3302 1522 3370 καὶ
1577 3307 1992 3389 σωφρονίσαι
2049 3305 2165 3381 τὰς
2217 3317 2352 3370 τῶν
2406 3305 2718 3388 βασάνων
2773 3304 3021 3380 ὀδύνας

410 3401 800 3490 ἀνθρώποις
844 3403 1247 3485 εἰσάγουσιν.
1384 3398 1535 3485 εὖγε
1580 3409 1696 3485 τῆς
1740 3405 1932 3478 θείας
1977 3405 2333 3486 μιμήσεως·
2476 3402 2643 3467 ε’λεεῑ
2687 3403 2812 3484 γὰρ
2851 3401 3020 3486 ἡμᾶς

410 3500 520 3567 καὶ
572 3502 736 3578 Θεὸς
781 3501 1220 3585 ὀργιζόμενος,
1373 3499 1490 3565 ἐάν
1533 3523 1634 3576 τις
1678 3501 1766 3584 μὴ
1814 3501 1980 3585 πρὸς
2033 3500 2113 3563 τὰ
2157 3501 2456 3585 παρόντα
2501 3501 2712 3584 μόνον
2758 3499 3018 3585 εὐθύνῃ

411 3600 534 3682 τὴν
577 3601 925 3685 πρόνοιαν,
1075 3595 1186 3663 καὶ
1239 3606 1354 3681 τῆς
1407 3599 1708 3673 παιδείας
1764 3596 1973 3661 αὐτοῦ
2028 3595 2372 3683 προτρέχει
2431 3598 2506 3662 τὸ
2563 3600 2761 3681 ἔλεος,
2915 3598 3017 3662 ὅτι

416 3696 665 3781 ’ἔλεοςζ
721 3699 907 3782 φησί,
956 3693 1087 3760 τκαὶ
1133 3695 1299 3781 ὀργὴ
1344 3692 1501 3782 παρ’
1552 3694 1763 3781 αὐτῷ,
1811 3695 2142 3781 δυνάστης
2188 3693 2556 3778 ἐξιλασμῶν
2610 3693 2720 3759 καὶ
2778 3693 3018 3779 ἐκχέων
3037 3714 3088 3754 15

410 3795 621 3882 ὀργὴν
664 3795 830 3860 κατὰ
876 3795 949 3859 τὸ
995 3795 1169 3859 πολὺ
1217 3792 1424 3857 αὐτοῦ
1471 3792 1693 3868 ἔλεος’.

582 3894 745 3957 ἄλλο
800 3915 879 3975 με
935 3889 1209 3956 διέλαθε
1270 3901 1527 3974 συχνῶς
1583 3887 1679 3954 ἐπ’
1744 3891 1907 3955 ἄλλο
1962 3894 2365 3977 φερόμενον,
2538 3889 2752 3955 έκεῖνο
2809 3890 2891 3973 δὴ
2938 3890 3011 3953 τὸ
3030 3899 3104 3954 24

404 3988 968 4076 παραδοξότατον,
1130 3983 1337 4075 οὗπερ
1382 3986 1562 4071 κάγὼ
1608 3988 1737 4073 πρὸ
1783 3997 2029 4074 μικροῦ
2086 3989 2555 4072 κεκοινώνηκα,
2699 3989 2896 4071 πείρᾳ
2941 3987 3015 4051 τὸ

582 4133 613 4180 6
651 4127 747 4181 καὶ
782 4130 914 4197 posia
949 4125 1220 4197 δαίμονος
1248 4127 1376 4183 add.
1407 4127 1467 4181 M
1497 4128 1506 4199 Ι
1539 4134 1571 4181 8
1600 4146 1657 4181 τε
1696 4129 1829 4182 ante
1867 4128 1964 4182 καὶ
2003 4127 2132 4182 add.
2163 4127 2222 4179 M
2254 4130 2262 4197 Ι
2294 4124 2451 4196 ἠφίει
2479 4128 2610 4196 post
2638 4124 2976 4195 ευσήμουςΜ
3007 4127 3014 4198 Ι

408 4215 439 4262 9
479 4206 727 4276 ἀσήμους
754 4207 804 4261 Α
836 4210 845 4278 Ι
880 4213 946 4261 10
975 4208 1276 4271 ἀλλοιώσας
1302 4210 1431 4278 post
1460 4208 1633 4277 ἐνεργ.
1664 4207 1783 4262 AM
1815 4211 1823 4278 Ι
1860 4214 1923 4261 11
1963 4216 2124 4263 τοῦτο
2155 4207 2206 4260 Α
2237 4209 2245 4276 Ι
2281 4212 2346 4260 12
2376 4208 2759 4273 κατετώθαζεν
2799 4224 2904 4261 om.
2935 4206 3014 4277 ΑΙ

406 4294 471 4342 13
510 4291 793 4343 πλατῦνον
828 4288 888 4340 M
942 4288 1158 4358 πλατὴν
1194 4289 1245 4342 Α
1294 4291 1302 4359 Ι
1351 4293 1416 4342 16
1454 4288 1698 4357 ἀσέμνου
1736 4288 1833 4342 καὶ
1872 4305 1977 4343 om.
2008 4288 2059 4341 A
2107 4291 2116 4357 Ι
2168 4284 2517 4356 σκοτόμηναν
2553 4288 2613 4342 Μ
2663 4291 2670 4357 Ι
2721 4289 2861 4358 αὐτῇ
2899 4286 3017 4340 ΑΜ

402 4385 539 4424 corr.
577 4368 992 4423 Radermacher
1036 4371 1045 4436 Ι
1086 4368 1486 4424 κατεσκεύασεν
1522 4368 1572 4421 Α
1622 4370 1630 4437 Ι
1684 4372 1749 4421 17
1787 4387 1903 4439 μεγ.
1944 4367 2099 4434 ἐξαπ.
2138 4368 2197 4420 Μ
2250 4370 2260 4436 Ι
2310 4366 2615 4437 ἀνέκραξεν
2652 4369 2703 4421 Α
2753 4371 2760 4437 Ι
2813 4372 2878 4420 18
2917 4386 3017 4435 μαι

401 4466 501 4518 pro
540 4445 812 4521 μαίνομαι
848 4448 907 4502 Μ
940 4451 947 4517 Ι
984 4453 1048 4501 19
1088 4446 1444 4519 ἰὲρομάρτυρι
1471 4451 1602 4518 post
1629 4445 1768 4520 ἁγίῳ
1797 4449 1927 4502 add.
1959 4448 2018 4501 M
2051 4450 2059 4517 Ι
2093 4453 2157 4501 21
2190 4446 2569 4517 καταμείνασα
2599 4449 2647 4501 Α
2676 4451 2694 4518 ΙΙ
2723 4454 2807 4515 23,
2840 4453 2871 4499 2
2910 4445 3015 4515 γὰρ

401 4531 531 4598 post
567 4525 851 4597 συντόμως
877 4527 1007 4582 add.
1036 4527 1097 4581 M
1128 4528 1137 4599 Ι
1168 4528 1415 4599 τάχωςΑ
1457 4530 1466 4598 Ι
1498 4526 1604 4582 ἲάσ.
1642 4526 1762 4599 τάχ.
1794 4528 1854 4581 Μ
1885 4529 1893 4596 Ι
1927 4527 1987 4583 τὸ
2016 4525 2361 4584 ἀπαίδευτον
2389 4531 2519 4599 post
2545 4527 2679 4598 μήτε
2706 4526 2765 4579 Μ
2797 4528 2805 4595 Ι
2839 4533 2870 4580 3
2901 4526 3015 4580 διέ-

403 4606 651 4679 λέγχεται
685 4609 744 4661 Μ
777 4611 786 4678 Ι
817 4614 906 4663 4-
927 4613 993 4662 16
1032 4608 1237 4662 desunt
1271 4608 1332 4663 in
1366 4609 1425 4661 M
1457 4609 1465 4679 Ι
1510 4614 1575 4662 15
1615 4606 1811 4662 Sil-ach
1850 4613 1933 4677 16,
1966 4614 2029 4661 11
2044 4625 2123 4676 sq.
2171 4611 2191 4678 ΙΙ
2236 4615 2321 4677 24,
2354 4614 2381 4661 1
2423 4606 2560 4662 ἀλλά
2596 4608 2647 4660 A
2692 4610 2699 4676 Ι
2747 4606 2884 4661 ἄλλα
2922 4606 2972 4659 A
3004 4607 3011 4680 Ι

405 4694 436 4741 2
473 4690 681 4756 παραδ.
711 4721 778 4730 -
806 4689 868 4743 τὸ
910 4688 1114 4742 desunt
1149 4687 1209 4741 in
1246 4687 1296 4740 A

2519 4775 2589 4830 9*
