3611 5264
573 345 660 407 50
1723 343 1907 413 Caput
1941 343 2032 398 ΠΙ.

749 506 946 571 Terra
1001 507 1227 591 igitur,
1287 528 1448 590 quae
1509 506 1648 590 ipsa
1717 507 1785 570 in
1852 504 2126 570 oraculis
2190 507 2322 570 suis
2388 506 2722 571 vaticinari
2785 505 3057 591 solebat,
3119 505 3187 569 in

519 602 523 605 “
573 606 898 688 potentias
965 626 1110 669 suas
1173 603 1567 668 distrahitur.
1671 603 1933 667 Phoebe
1994 626 2144 668 sane
2205 604 2283 667 ab
2345 603 2666 688 Aeschylo
2722 605 2865 687 ipso
2935 603 3189 667 videtur

569 704 952 787 interposita
998 725 1162 787 esse,
1224 724 1351 785 qua
1399 703 1475 766 de
1521 725 1589 765 re
1635 702 1764 765 iam
1811 705 1982 766 recte
2040 701 2347 766 iudicavit
2402 702 2730 767 Bruhnius
2785 703 2852 765 in
2909 701 3188 765 editione

569 800 941 886 Iphigeniae
988 800 1296 865 Tauricae
1352 798 1602 887 (Berlin
1664 798 1864 885 1894)
1915 822 1973 883 p.
2019 798 2161 863 155.
2254 800 2405 866 Nox
2453 800 2775 884 quomodo
2824 821 2969 864 cum
3015 802 3189 863 terra

571 900 1002 984 coniungatur
1047 899 1234 962 facile
1282 898 1699 983 intellegitur.
1793 897 1892 961 De
1938 897 2267 962 Themidis
2282 896 2334 985 ¹)
2380 899 2445 962 vi
2492 898 2798 963 chthonia
2843 898 2988 962 vide
3033 919 3189 961 non-

569 996 747 1061 nulla
792 998 962 1082 apud
1020 996 1139 1060 Ed.
1191 989 1480 1060 Gerhard
1536 996 1669 1060 Das
1727 994 1965 1059 Orakel
2020 995 2132 1059 der
2187 995 2448 1061 Themis
2506 995 2593 1083 (6.
2631 995 3213 1074 Winckelmanns-v

569 1117 940 1181 programm
972 1094 1194 1158 Berlin
1226 1092 1427 1180 1846)
1460 1116 1520 1177 p.
1557 1094 1638 1156 10
1675 1116 1734 1157 11.
1763 1093 1869 1157 42.
1934 1091 2240 1158 Welcker
2270 1092 2520 1158 Griech.
2552 1092 2818 1158 Gotterl.
2858 1092 2889 1156 I
2918 1092 3066 1177 325,
3082 1093 3186 1157 28.

571 1191 856 1257 Gerhard
901 1191 942 1258 l.
983 1215 1028 1255 S.
1068 1193 1334 1255 adnotat
1388 1213 1467 1254 ex
1521 1191 1707 1255 PauS.
1746 1190 1840 1255 IX
1881 1192 1986 1276 22,
2020 1192 2052 1254 1
2114 1191 2488 1256 Themidem
2545 1215 2689 1256 cum
2737 1192 2985 1257 Venere
3043 1213 3186 1254 con-

570 1292 852 1355 iunctam
901 1311 1064 1374 esse,
1121 1290 1315 1353 addas
1361 1289 1548 1353 Paus.
1586 1288 1650 1352 H
1688 1290 1794 1374 27,
1824 1288 1885 1370 5,
1930 1289 2043 1353 ubi
2101 1289 2372 1354 Veneris
2429 1294 2494 1353 et
2548 1290 2879 1354 Themidis
2936 1311 3187 1353 sacrum

569 1387 992 1472 Epidaurium
1028 1390 1581 1452 commemoratur.
1632 1388 1983 1471 Εὔβουλος
2008 1385 2270 1452 Themis
2300 1389 2671 1452 nominatur
2698 1387 2880 1451 Pind.
2902 1386 3000 1452 Ol.
3026 1387 3125 1471 13,
3147 1388 3185 1450 8

568 1485 791 1550 Isthm.
827 1484 996 1572 7(8)‚
1025 1486 1138 1568 32,
1202 1486 1376 1570 quod
1434 1507 1789 1570 cognomen
1848 1485 2110 1549 deorum
2159 1484 2615 1550 chthoniorum
2661 1486 2995 1570 proprium
3052 1506 3188 1550 esse

570 1588 837 1649 constat.
913 1583 1249 1667 Olympiae
1296 1582 1464 1646 inter
1508 1605 1685 1647 aram
1734 1583 1969 1646 Terrae
2016 1588 2082 1647 et
2120 1607 2296 1648 aram
2334 1583 2507 1648 Iovis
2555 1583 2979 1667 Καταιβάτου
3027 1582 3186 1645 The-

567 1683 758 1746 midis
814 1682 1049 1745 dicitur
1093 1681 1292 1745 fuisse
1339 1704 1473 1744 ara:
1526 1680 1707 1745 Faus,
1763 1681 1826 1746 V
1868 1681 1967 1766 14,
2002 1679 2167 1768 102).
2267 1681 2365 1746 De
2411 1681 2598 1747 PauS.
2638 1680 2796 1747 VIII
2833 1680 2938 1766 25,
2972 1681 3007 1743 7
3056 1703 3185 1744 non

567 1931 909 1983 exstructum
955 1945 1170 1982 summo
1219 1928 1280 1981 in
1325 1927 1597 1994 Taenar0,
1638 1927 1738 1981 ubi
1776 1928 1966 1982 aditus
2014 1931 2177 1997 patet
2224 1929 2296 1981 ad
2343 1928 2552 1982 inferos
2568 1971 2581 1994 ,
2627 1926 2880 1997 Neptuni
2926 1926 3188 1980 exstabat

570 2012 775 2064 statua.
834 2007 1008 2061 Terra
1045 2011 1103 2061 et
1139 2007 1442 2077 Neptunus
1480 2007 1767 2063 coniuncti
1805 2009 1957 2077 apud
1994 2008 2254 2062 Philostr.
2294 2008 2360 2063 V.
2399 2007 2584 2077 Apoll.
2615 2007 2693 2061 VI
2720 2013 2786 2060 41
2816 2026 2869 2077 p.
2900 2011 3022 2073 252,
3044 2005 3186 2060 GK:

568 2098 804 2158 σεισμῶν
841 2087 904 2142 δὲ
940 2085 1334 2158 κατασχόντων
1369 2087 1504 2142 ποτὲ
1540 2087 1640 2150 τὰς
1677 2091 1739 2144 ἐν
1775 2093 1852 2161 τῷ
1891 2089 2159 2160 ἀριστερῷ
2200 2085 2585 2160 Ἑλλησπόντῳ
2629 2085 2850 2155 πόλεις,
2896 2086 3187 2157 Αἰγύπτιοι

567 2168 669 2238 μὲν
704 2169 801 2223 καὶ
837 2170 1115 2222 Χαλδαῖοι
1153 2170 1283 2236 περὶ
1321 2168 1496 2230 αὐτὰς
1532 2165 1822 2238 ἠγείροντο
1852 2167 1991 2236 ὑπὲρ
2029 2168 2291 2237 ξυλλογῆς
2317 2166 2615 2237 χρημάτων
2642 2168 2717 2229 ὡς
2744 2166 3188 2228 δεκαταλάντους

564 2247 772 2311 θυσίας
811 2253 900 2319 Γῇ
938 2249 1034 2302 καὶ
1076 2250 1465 2302 Ποσειδῶνι
1501 2248 1789 2310 θύσοντες.
1864 2249 1947 2301 De
1983 2250 2168 2301 terrae
2206 2250 2264 2301 et
2301 2263 2483 2315 aquae
2519 2246 2870 2315 numinibus,
2908 2247 3186 2316 quomodo

568 2328 717 2382 inter
763 2343 822 2381 se
878 2327 1248 2393 misceantur,
1294 2326 1422 2381 vide
1486 2345 1635 2381 nunc
1686 2327 1961 2381 nonnulla
2012 2328 2164 2397 apud
2213 2327 2581 2381 Boehlavium
2634 2326 3186 2398 ‘Schlangenleibige

564 2408 886 2478 Nymphen’
927 2407 1127 2462 Philol.
1164 2413 1299 2461 1898
1339 2426 1391 2477 p.
1416 2412 1520 2460 513
1539 2426 1658 2478 sqq.
1701 2441 1766 2448 -·
1816 2406 2043 2461 Themis
2085 2411 2216 2477 post
2260 2407 2447 2477 ipsum
2493 2407 2820 2483 Neptunum
2866 2407 3188 2462 nominatur

567 2489 718 2559 apud
755 2488 884 2543 Hes
921 2487 1132 2557 Theog.
1166 2492 1231 2540 15
1253 2505 1334 2556 sq.

741 2571 796 2640 2)
834 2572 900 2639 (v,
938 2585 1067 2639 pag.
1117 2569 1226 2638 49.)
1311 2568 1600 2623 Themidis
1647 2586 1779 2640 pars
1839 2568 1987 2621 dono
2044 2569 2214 2622 datur
2279 2567 2560 2639 Apollini,
2616 2568 2882 2640 Neptuno
2928 2586 3030 2639 pro
3084 2585 3186 2621 sua

567 2649 830 2705 Calauria
864 2649 1050 2703 insula
1084 2648 1344 2703 traditur.
1403 2649 1472 2703 cf.
1506 2650 1675 2704 schol.
1707 2650 1866 2702 Eum.
1900 2655 1982 2703 27.

750 2733 802 2801 1)
839 2729 1065 2783 Themis
1104 2729 1452 2783 vaticinandi
1491 2733 1672 2784 artem
1697 2729 1938 2784 invenit:
1969 2731 2157 2798 hymn.
2191 2729 2362 2799 Orph.
2404 2732 2604 2802 79(78),
2626 2737 2674 2785 3.
2714 2730 2928 2785 Diodor
2953 2730 3004 2783 V
3026 2735 3111 2799 67,
3131 2736 3184 2783 4.

563 2811 795 2881 Delphis
844 2809 1208 2866 vaticinatur:
1255 2811 1308 2864 h.
1357 2809 1525 2880 Orph.
1569 2810 1604 2865 l.
1645 2828 1685 2865 s.
1717 2829 1768 2865 v.
1799 2817 1848 2864 4.
1903 2811 2211 2864 Menander
2247 2811 2376 2879 περὶ
2426 2809 2572 2864 ἐπιδ.
2614 2830 2668 2881 p.
2690 2817 2814 2879 441,
2836 2817 2904 2864 28
2944 2810 3184 2880 Spengel

567 2920 633 2938 ==
671 2911 723 2961 p.
758 2897 858 2945 147
896 2891 1150 2944 Bursian.
1217 2890 1475 2960 Apollod.
1506 2892 1531 2944 I
1561 2897 1611 2959 4,
1646 2898 1693 2960 1,
1715 2897 1764 2946 3.
1823 2890 2092 2945 Themist.
2133 2893 2272 2945 orat.
2316 2896 2403 2957 24,
2433 2895 2536 2944 305
2559 2908 2608 2945 a.
2667 2890 2762 2944 Ov.
2793 2890 2925 2944 Met.
2957 2891 3034 2945 IV
3063 2896 3182 2945 642.

565 2972 854 3026 Phoebum
891 2971 1240 3025 vaticinandi
1280 2974 1457 3025 artem
1497 2972 1687 3027 docet:
1726 2971 1781 3025 h.
1825 2970 1993 3041 Orph.
2024 2990 2075 3026 v.
2108 2977 2155 3025 6.
2198 2970 2501 3024 Oraculum
2548 2970 2883 3039 Delphicum
2929 2971 3184 3039 Pythone

565 3051 860 3105 interfecto
900 3050 1164 3119 custodit,
1203 3051 1337 3103 dum
1373 3051 1577 3122 Apollo
1615 3068 1815 3105 novem
1856 3068 2129 3105 annorum
2163 3067 2497 3120 magnorum
2523 3049 2771 3119 periodis
2801 3049 2973 3120 ἁγνὸς
2998 3050 3184 3104 factus

571 3131 669 3185 sit:
708 3130 855 3186 Plut.
896 3131 966 3184 de
1005 3131 1114 3186 def.
1155 3148 1230 3186 or.
1269 3149 1322 3199 p.
1353 3137 1454 3184 421
1479 3132 1534 3186 C.
1611 3132 1737 3185 Una
1784 3148 1912 3184 cum
1957 3129 2219 3200 Apolline
2266 3130 2555 3184 oraculum
2599 3128 2873 3184 instituit:
2925 3130 3184 3198 Ephorus

568 3212 719 3281 apud
758 3212 940 3265 Strab.
971 3211 1046 3264 IX
1077 3217 1126 3277 3,
1151 3217 1215 3264 11
1244 3230 1297 3280 Ρ.
1320 3217 1440 3265 422.
1480 3212 1706 3265 Themis
1741 3211 1801 3264 in
1839 3210 2064 3280 tripode
2103 3210 2302 3264 sedens
2338 3210 2564 3264 nomine
2594 3208 2879 3279 adscripto
2916 3208 2976 3261 in
3004 3209 3182 3277 cylice

564 3291 929 3360 Berolinensi,
966 3310 1013 3345 v.
1053 3290 1312 3345 tabulam
1350 3292 1510 3360 apud
1556 3290 1930 3345 Gerhardium
1973 3291 2088 3344 Das
2139 3290 2346 3344 Orakel
2394 3291 2447 3345 d.
2486 3288 2728 3343 Themis
2768 3321 2837 3330 -—
2875 3287 3183 3358 μελλόντων

564 3368 737 3440 θέμιν
764 3372 959 3442 εὐσεβῆ
1001 3379 1265 3442 χρησμοῖς
1297 3373 1395 3440 (sc.
1426 3370 1720 3442 ἐποιχνεῖς)
1748 3371 1939 3440 hymn.
1968 3369 2168 3439 Delph.
2200 3371 2351 3439 apud
2379 3368 2634 3423 Crusium
2662 3368 2788 3439 (Die
2818 3368 3184 3438 delphischen

565 3451 826 3520 Hymnen
862 3449 1171 3520 Gottingen
1221 3454 1379 3520 1894)
1425 3452 1451 3504 Ι
1482 3456 1547 3503 14
1569 3468 1649 3519 sq.
1690 3450 1757 3506 cf.
1808 3450 2269 3521 προφητεύσοντα
2292 3495 2303 3505 .
2335 3494 2348 3506 .
2379 3495 2392 3507 .
2411 3447 2584 3519 θέμιν
2640 3457 2759 3511 τοῖς
2802 3446 3064 3518 ’Ἕλλησιν
3111 3451 3180 3504 de

564 3531 849 3600 Apolline:
886 3531 1169 3584 Himerius
1206 3534 1346 3586 orat.
1376 3531 1504 3585 XIV
1535 3537 1616 3585 10.

744 3614 799 3682 2)
837 3612 929 3666 ἐπὶ
969 3610 1031 3664 δὲ
1066 3615 1142 3683 τῷ
1189 3609 1369 3684 Γαίῳ
1398 3609 1718 3683 καλουμένῳ
1748 3609 1931 3684 βωμός
1957 3610 2107 3665 ἐστιν
2136 3608 2225 3664 ἐπ’
2260 3612 2409 3683 αὐτῷ
2440 3615 2586 3680 Γῆς,
2613 3608 2825 3679 τέφρας
2859 3612 2957 3664 καὶ
2994 3605 3182 3672 οὗτος·

562 3692 631 3747 τὰ
663 3691 726 3746 δὲ
765 3691 843 3746 ἔτι
881 3689 1216 3762 ἀρχαιότερα
1244 3692 1342 3745 καὶ
1371 3701 1694 3760 μαντεῖον
1717 3699 1817 3761 τῆς
1846 3696 1959 3761 Γῆς
1987 3688 2194 3745 αὐτόθι
2223 3687 2369 3747 εἶναι
2388 3688 2657 3760 λέγουσιν.
2689 3689 2782 3744 ἐπὶ
2819 3688 2882 3744 δὲ
2919 3699 3018 3745 τοῦ
3056 3690 3183 3745 ὀνο-

565 3769 875 3841 μαζομένου
904 3769 1210 3840 Στομίου
1244 3769 1487 3840 Θέμιδι
1525 3772 1555 3826 ὁ
1585 3771 1768 3843 βωμὸς
1794 3769 2114 3840 πεποίηται.
2150 3780 2251 3825 τοῦ
2279 3770 2343 3825 δὲ
2370 3769 2809 3842 Καταιβάτου
2848 3771 3011 3833 Διὸς
3046 3789 3181 3839 προ-

569 3851 827 3923 βέβληται
866 3849 968 3919 μὲν
1003 3847 1367 3921 πανταχόθεν
1402 3850 1511 3917 πρὸ
1558 3858 1658 3903 τοῦ
1696 3852 1885 3922 βωμοῦ
1923 3849 2183 3922 φράγμα,
2221 3850 2332 3905 ἔστι
2370 3850 2433 3905 δὲ
2469 3851 2611 3920 πρὸς
2646 3856 2721 3923 τῷ
2758 3852 2922 3924 βωμῷ
2956 3856 3031 3923 τῷ
3068 3850 3180 3904 ἀπὸ

567 3940 665 4000 τῆς
697 3928 909 3999 τέφρας
942 3936 1018 4004 τῷ
1056 3930 1288 4003 μεγάλῳ.
1363 3931 1550 3984 Iovem
1587 3929 1911 4000 Olympium
1949 3931 2279 3985 chthonium
2316 3931 2482 3985 initio
2525 3931 2700 3985 fuisse
2736 3930 3033 4001 probabile
3078 3933 3181 3996 est,

453 4048 457 4052 -
566 4028 614 4064 v.
654 4010 715 4064 E.
755 4010 976 4064 Curtius
1015 4011 1364 4081 Peloponnes
1391 4010 1443 4063 Π
1472 4015 1555 4064 53.
1605 4016 1724 4078 110,
1753 4015 1821 4063 55
1851 4010 1940 4080 (cf.
1962 4011 2227 4066 Welcker
2256 4011 2348 4067 Gr.
2382 4011 2615 4065 Gotterl.
2646 4012 2673 4063 I
2701 4014 2846 4081 324).
2886 4009 3181 4079 Olympiae

567 4089 829 4142 exstabat
877 4090 1193 4144 Pausaniae
1239 4090 1584 4159 temporibus
1633 4107 1734 4143 ara
1781 4090 1927 4144 Iovis
1977 4090 2299 4162 ἐπωνυμίαν
2355 4089 2614 4146 Χθονίου
2652 4091 2724 4161 (V
2754 4097 2837 4157 14,
2867 4094 2937 4160 8),
2985 4090 3053 4145 cf.
3102 4090 3177 4145 ib.

567 4167 618 4220 V
650 4173 732 4234 14,
753 4174 801 4223 2.
860 4167 1020 4233 Quod
1053 4171 1126 4223 ad
1154 4170 1341 4224 locum
1375 4171 1543 4225 modo
1582 4169 1927 4240 descriptum
1961 4171 2224 4241 pertinet,
2263 4169 2493 4240 στόμιον
2534 4170 2918 4240 Trophoniani
2957 4186 3180 4239 quoque

572 4247 722 4300 antri
759 4246 947 4301 aditus
986 4249 1313 4318 saepissime
1351 4250 1691 4320 appellatur,
1729 4269 1777 4304 v.
1817 4250 1966 4306 inter
2003 4251 2120 4306 alia
2156 4253 2320 4306 Paus.
2359 4251 2437 4304 IX
2466 4257 2552 4320 39,
2577 4258 2659 4307 11.
2706 4252 2855 4305 Max,
2884 4251 3012 4319 Tyr.
3045 4250 3176 4306 diss.

574 4332 658 4396 14,
687 4333 737 4380 2.
791 4327 961 4382 schol.
1002 4329 1094 4381 Ar.
1124 4329 1271 4385 Nub
1304 4335 1407 4384 508
1436 4331 1502 4384 V.
1552 4330 1703 4386 Suid.
1750 4349 1790 4386 S.
1833 4350 1885 4386 v.
1920 4333 2262 4402 Τροφώνιος.
2301 4331 2629 4400 Apostolius
2669 4330 2826 4385 XVII
2854 4336 2921 4384 30
2957 4331 3180 4400 (Paroe-

565 4405 882 4476 miographi
919 4408 970 4460 H
998 4412 1138 4478 694).
1192 4409 1555 4481 Καταιβάτου
1592 4411 1753 4483 Διὸς]
1793 4411 2156 4484 Καταβάσιον
2184 4428 2388 4465 nomen
2419 4411 2632 4465 oraculi
2665 4410 2973 4480 Trophonii
3004 4410 3175 4465 schol

569 4488 662 4541 Ar.
701 4486 849 4540 Nub.
888 4487 924 4542 l.
966 4505 1006 4541 s.
1047 4488 1201 4541 Suid.
1239 4489 1275 4545 l
1317 4507 1360 4543 s.
1397 4491 1648 4559 Apostol.
1689 4491 1724 4547 1.
1765 4509 1805 4546 s
1849 4491 2010 4556 Quod
2049 4492 2122 4545 ad
2160 4492 2393 4562 φράγμα
2443 4491 2679 4559 attinet,
2716 4488 3002 4582 περίβολοι
3049 4507 3178 4544 con-

565 4567 699 4621 ferri
737 4570 987 4636 possunt,
1027 4568 1171 4621 alter
1207 4570 1357 4637 apud
1394 4569 1545 4624 idem
1583 4571 1872 4625 oraculum
1908 4571 2215 4640 Trophonii
2251 4573 2437 4643 (Paus.
2466 4571 2543 4625 IX
2572 4578 2658 4640 39,
2681 4574 2749 4641 9),
2790 4571 2975 4625 alter
2959 4590 3020 4624 111
3055 4570 3178 4624 loco

563 4664 741 4797 ἵζετο,
779 4647 1292 4798 ΡέἰΒΑὲΐΡΙήῆτεωε
1330 4651 1482 4704 terra
1517 4651 1814 4707 devoratus
1853 4666 1973 4705 esse
2012 4651 2336 4720 dicebatur,
2388 4651 2538 4706 inter
2573 4650 2806 4705 Potnias
2854 4654 2912 4705 et
2956 4651 3180 4706 Thebas

633 4744 748 4783 aus,
921 4771 935 4796 ,
1014 4772 1025 4782 .
