3611 5264
578 321 664 384 66
1695 317 1880 387 Caput
1917 317 2006 371 IV.

576 496 717 560 τοῖς
783 485 1036 570 ἰατροῖς
1089 482 1253 547 κατὰ
1308 485 1514 563 λόγου
1566 490 1684 564 τῆς
1736 480 1969 566 τέχνης
2024 481 2331 546 ἐναντίον
2387 479 2599 546 ἐδόκει
2655 485 3002 567 παθήμασι
3055 489 3191 548 κτλ.

582 579 758 657 Quae
795 580 1258 645 commentario
1295 600 1429 643 non
1467 582 1675 664 egent.
1749 578 1895 643 Hoc
1929 581 2202 663 tantum,
2241 579 2415 665 quod
2453 579 2532 642 ad
2560 579 2913 643 remedium
2942 581 3193 666 attinet,

586 679 779 743 velim
829 680 1161 744 adnotare:
1208 675 1337 741 mel
1383 682 1447 741 et
1491 677 1714 742 vinum
1760 678 1957 741 etiam
2004 677 2073 742 in
2118 677 2646 760 inscriptionibus
2683 676 3047 742 Maffeianis
3094 700 3195 742 oc-

578 798 850 862 currere,
898 778 976 841 de
1024 776 1257 861 quibus
1304 799 1361 839 v.
1401 799 1462 859 p.
1500 774 1588 838 44
1609 798 1744 859 sqq.
1828 774 2023 859 Piper
2055 774 2355 840 Italicum
2392 775 2786 859 praecipitur
2830 776 2909 839 ab
2957 774 3192 840 Aescu·

577 876 749 959 lapio
823 876 891 940 in
956 874 1374 957 inscriptione
1447 871 1731 937 Lebenia
1793 895 1831 936 a
1893 872 2264 938 Baunackio
2339 874 2583 957 publici
2658 873 2815 938 iuris
2888 873 3059 938 facta
3122 875 3191 938 in

576 972 811 1037 Philol.
856 971 1026 1037 1889
1072 995 1132 1055 p.
1173 971 1305 1035 402
1342 993 1399 1035 v.
1443 971 1542 1035 10.
1588 969 1823 1057 πέπερι
1871 974 2110 1036 λευκόν
2148 971 2216 1036 111
2253 972 2538 1057 magicis,
2585 995 2642 1036 v.
2679 971 2887 1036 Wess.
2926 969 3029 1034 Gr.
3068 970 3188 1035 ZP.

574 1094 635 1154 p.
693 1069 806 1154 53,
859 1070 1028 1135 1309
1051 1091 1171 1153 sq.;
1232 1068 1310 1132 cf.
1363 1069 1444 1131 id.
1495 1067 1578 1134 N.
1627 1066 1730 1133 Gr.
1781 1066 1904 1132 ZP.
1955 1067 2069 1152 25,
2133 1068 2276 1133 184.
2333 1070 2460 1134 185
2509 1101 2593 1122 =
2639 1069 2916 1152 Kenyon
2980 1067 3190 1134 Greek

574 1167 814 1252 Papyri
853 1168 957 1251 90,
999 1167 1142 1231 184.
1187 1165 1331 1229 185.
1421 1165 1560 1231 Nec
1604 1188 1737 1231 non
1773 1166 2168 1231 medicorum
2207 1167 2591 1232 sententiam
2638 1167 2834 1233 velim
2880 1167 3187 1232 attendas.

753 1265 1113 1330 Probianus
1160 1263 1446 1328 medicus
1492 1264 1765 1347 pedibus
1813 1264 2114 1330 laborans
2161 1265 2230 1329 in
2274 1263 2616 1329 Michaelio
2679 1268 2938 1330 sanatus
2995 1263 3189 1329 simul

571 1364 816 1428 visione
865 1364 1082 1427 divina
1129 1363 1206 1427 de
1265 1360 1508 1426 Christi
1567 1364 1772 1426 crucis
1820 1364 1884 1425 vi
1946 1366 2043 1427 est
2100 1363 2386 1447 edoctus),
2441 1386 2499 1427 v.
2547 1361 2797 1428 Sozom.
2849 1386 2910 1446 p.
2950 1361 3075 1425 941
3100 1362 3187 1426 B:

566 1463 723 1526 θεία
758 1469 1257 1547 προφανεῖσα
1295 1462 1473 1538 ὄψις
1519 1458 1729 1538 magd
1768 1486 1833 1525 τι
1882 1469 2177 1547 σταυροῦ
2225 1462 2566 1545 σύμβολον
2609 1467 2743 1527 κτλ.
2792 1460 2868 1524 cf.
2903 1459 3185 1543 ·Niceph.

569 1557 723 1623 Call.
752 1559 792 1623 l.
824 1581 871 1624 s.
903 1558 968 1623 G.

745 1656 968 1721 Tradit
1015 1656 1237 1720 fabula
1283 1677 1554 1720 sacrum·
1573 1655 1733 1719 illud
1770 1679 1809 1719 a
1853 1655 2279 1720 Constantino
2321 1656 2703 1720 adornatum
2742 1677 2815 1720 ac
2851 1655 3184 1720 Michaelis

564 1757 826 1821 nomine
873 1755 1267 1839 appellatum
1316 1776 1469 1838 esse,
1518 1755 1670 1838 quia
1715 1777 1789 1819 eo
1852 1754 1995 1818 loco
2059 1776 2174 1838 per
2230 1776 2526 1818 somnum
2582 1754 2956 1837 imperatori
3010 1754 3184 1818 visus

571 1858 739 1918 esset
797 1855 933 1937 ipse
989 1852 1438 1939 archangelus,
1494 1873 1641 1916 cum
1697 1852 1808 1916 ille
1873 1855 2154 1916 statuam
2213 1853 2415 1935 ipsius
2472 1852 2975 1936 contemplatus,
3032 1852 3187 1935 quid

565 1951 807 2016 valeret
861 1952 1143 2035 nescius,
1189 1973 1306 2034 per
1361 1950 1841 2015 incubationem
1895 1949 2193 2014 videlicet
2256 1972 2393 2014 rem
2449 1952 2803 2034 comperire
2856 1949 3183 2014 voluisset.

566 2073 623 2113 v.
671 2048 893 2114 Ioann.
939 2048 1153 2113 Malal.
1212 2049 1256 2112 4
1301 2072 1362 2132 p.
1415 2048 1516 2133 79,
1543 2049 1587 2112 4
1643 2048 1736 2113 ed.
1794 2048 2028 2113 Bonn.:
2091 2046 2202 2112 καὶ
2268 2047 2611 2131 ἐκπλαγεὶς
2677 2046 2783 2113 ἐπὶ
2848 2056 2939 2136 τῷ
3003 2051 3183 2134 τόπῳ

576 2145 687 2211 καὶ
735 2156 825 2236 τῷ
871 2150 1173 2230 κτίσματι
1218 2145 1328 2211 καὶ
1374 2144 1728 2230 εὐξάμενος
1773 2158 2022 2229 γνῶναι
2074 2150 2269 2223 ποίας
2316 2144 2452 2211 ἐστὶ
2509 2144 2853 2229 δυνάμεως
2898 2144 3184 2229 ἀγγέλου

572 2246 647 2310 τὸ
696 2242 1045 2329 ἐκτύπωμα
1099 2246 1652 2330 παρεκοιμήθη
1697 2253 1788 2331 τῷ
1834 2246 2035 2332 τόπῳ.
2090 2242 2201 2309 καὶ
2249 2243 2540 2321 ἀκούσας
2595 2242 2670 2309 ἐν
2725 2243 3061 2329 ὁράματι
3103 2244 3181 2308 τὸ

568 2344 778 2426 ὄνομα
823 2352 940 2426 τῆς
998 2340 1343 2426 δυνάμεως
1400 2392 1414 2406 .
1471 2393 1484 2406 .
1541 2391 1557 2408 .
1613 2341 1998 2427 ἐπωνόμασε
2051 2345 2127 2408 τὸ
2183 2341 2535 2427 εὐκτήριον
2589 2394 2602 2407 .
2660 2392 2674 2406 .
2732 2391 2747 2405 .
2805 2351 2928 2407 τοῦ
2987 2341 3183 2425 ἁγίου

573 2438 988 2526 ἀρχαγγέλου
1035 2443 1324 2524 Μιχαήλ.
1373 2440 1449 2504 cf.
1495 2439 1637 2505 Nic.
1677 2438 1833 2505 Call.
1870 2440 1911 2504 l.
1951 2464 1998 2505 s.
2041 2437 2129 2503 A:
2176 2437 2315 2504 ἐπεὶ
2364 2436 2437 2504 δὲ
2495 2437 2606 2504 καὶ
2652 2439 2907 2504 ὕπνου
2968 2438 3182 2504 ἐκάλει

564 2541 814 2624 καιρός,
864 2537 1239 2603 ἐπιστᾶσα
1296 2540 1474 2615 ὄψις
1531 2540 1643 2614 εἰς
1701 2537 2129 2624 ἐμφέρειαν
2175 2546 2313 2603 τοῦ
2365 2536 2808 2621 ἀγάλματος
2856 2535 2964 2624 (cf.
2996 2561 3056 2621 p.
3093 2533 3180 2623 9)-

571 2635 698 2719 ἐγώ
748 2639 902 2721 εἰμι,
951 2640 1198 2720 ἔλεγεν,
1246 2634 1490 2702 οὑτωσὶ
1538 2635 1608 2723 (l.
1647 2635 1907 2724 οὑτοσὶ)
1954 2638 2228 2721 Μιχαὴλ
2273 2642 2410 2701 κτλ.

742 2734 841 2798 Ι)3
906 2732 1250 2800 Sosthenio
1317 2734 1561 2818 optime
1635 2736 1770 2820 egit
1843 2733 2148 2799 Alfredus
2212 2733 2442 2818 Maury
2508 2736 2577 2800 in
2638 2735 2793 2799 Rev.
2858 2736 3027 2799 arch.
3086 2733 3180 2799 VI

564 2829 800 2918 (1849)
856 2855 917 2915 p.
960 2832 1087 2897 144
1108 2855 1270 2917 sqq.;
1326 2831 1635 2896 accedunt
1691 2855 1854 2917 quae
1910 2833 2080 2897 idem
2140 2833 2238 2896 vir
2293 2833 2519 2897 doctus
2575 2833 2653 2896 de
2707 2856 2777 2896 re
2835 2833 3057 2897 eadem
3114 2833 3182 2896 in

562 2933 743 2993 tomo
793 2931 1087 3014 sequenti
1134 2928 1261 2994 VH
1299 2927 1534 3017 (1850)
1573 2953 1633 3013 p.
1663 2928 1974 2995 257—59
2020 2930 2283 2994 addidit.
2360 2929 2763 3015 Quamquam
2801 2931 2870 2994 in
2907 2930 3181 3017 singulis

559 3049 693 3092 non
748 3028 1006 3111 desunt,
1064 3049 1226 3111 quae
1281 3026 1548 3110 refutes,
1612 3031 1855 3111 tamen,
1921 3028 2094 3112 quod
2159 3028 2539 3113 maximum,
2593 3027 2894 3111 probavit
2948 3027 3180 3111 Maury

560 3123 894 3188 Michaelis
940 3124 1308 3210 archangeli
1355 3125 1599 3188 cultum
1646 3125 1881 3189 veteris
1930 3124 2316 3191 Graecorum
2374 3126 2476 3189 dei
2532 3125 2766 3189 medici
2822 3126 3178 3190 veneratio-

559 3244 707 3285 nem
755 3222 1009 3286 referre.

740 3319 968 3384 Statua
1032 3319 1145 3384 illa
1198 3343 1237 3384 a
1292 3320 1714 3387 Constantino
1781 3323 1851 3386 in
1915 3320 2260 3387 Sosthenio
2317 3325 2660 3405 conspecta
2727 3342 2873 3385 cum
2928 3322 3176 3406 templo

561 3418 701 3501 ipso
762 3418 842 3481 ab
903 3416 1299 3504 Argonautis
1361 3420 1429 3484 in
1487 3420 1623 3484 eius
1679 3420 1773 3484 rei
1829 3420 2210 3484 memoriam
2269 3420 2528 3485 condita
2583 3442 2720 3484 esse
2784 3419 3175 3504 tradebatur,

560 3516 733 3599 quod
797 3538 1032 3602 magno
1098 3517 1168 3581 in
1230 3517 1515 3601 periculo
1581 3517 1829 3583 visione
1894 3519 2156 3583 caelesti
2230 3519 2316 3597 ad·
2373 3518 2794 3604 pugnandum
2860 3518 3175 3583 admoniti

558 3611 878 3698 Amycum
924 3636 1143 3700 regem
1187 3614 1564 3703 vicissent.¹)
1650 3615 2167 3680 Consentaneum
2205 3621 2304 3680 est
2351 3617 2558 3700 ipsam
2608 3620 2888 3680 statuam
2956 3631 3176 3681 ansam

559 3711 926 3776 exhibuisse
971 3711 1226 3775 fabulae
1273 3712 1693 3800 aetiologicae
1730 3715 1809 3777 de
1847 3711 2245 3800 Argonautis
2284 3713 2761 3797 componendae
2800 3712 2906 3802 (cf.
2945 3713 3175 3797 Maury

557 3832 617 3892 p.
662 3807 834 3897 150).
937 3807 1153 3893 Atque
1227 3810 1636 3896 sagacissime
1700 3812 1973 3876 coniecit
2039 3811 2273 3895 Maury
2326 3811 2622 3875 habitum
2679 3815 2955 3897 statuae,
3012 3833 3175 3896 quae

558 3907 818 3988 quidem
883 3907 1231 3971 secundum
1295 3907 1599 3972 Malalam
1664 3909 1966 3995 angelum
2043 3909 2344 3993 praebuit
2411 3909 2711 3973 monachi
2780 3914 3025 3975 vestem
3081 3912 3175 3975 in-

560 4002 788 4068 dutum
800 4003 870 4091 2),
916 4005 1190 4069 fortasse
1237 4006 1318 4069 ad
1364 4006 1554 4070 deum
1602 4007 1920 4071 medicum
1967 4006 2149 4071 velut
2195 4006 2661 4090 Telesphorum
2709 4030 2847 4073 esse
2900 4009 3171 4073 referen-

558 4100 729 4183 dum,
775 4103 955 4166 cuius
1004 4102 1252 4189 effigies
1300 4125 1445 4168 cum
1494 4103 1792 4169 monachi
1849 4106 2186 4169 christiani
2242 4104 2471 4169 habitu
2526 4106 2818 4188 profecto
2873 4107 3173 4171 nonnihil

556 4194 835 4262 concinit
848 4197 928 4285 ³);
988 4201 1231 4265 accedit
1288 4224 1526 4267 nomen
1586 4200 2029 4287 Sosthenium,
2091 4202 2263 4287 quod
2327 4202 2516 4267 deum
2583 4213 2847 4290 σωτῆρα
2912 4205 3168 4270 indicat.

734 4375 785 4442 1)
824 4392 871 4428 v.
913 4373 1141 4430 Cedren.
1180 4375 1311 4431 hist.
1352 4376 1639 4446 compend.
1681 4376 1874 4446 Migne
1912 4380 1951 4431 t.
1988 4383 2085 4430 121
2125 4394 2179 4445 p.
2212 4382 2317 4430 244
2343 4377 2404 4431 B.
2444 4377 2636 4433 Malal.
2666 4378 2701 4432 1.
2735 4396 2777 4434 s.
2807 4398 2862 4449 p.
2896 4384 2979 4434 78.

731 4456 786 4523 2)
821 4453 979 4507 Idem
1020 4472 1228 4509 numen
1271 4455 1331 4508 in
1377 4456 1521 4511 cista
1571 4455 1945 4510 Ficoroniana
1991 4456 2318 4526 recognovit
2362 4457 2548 4512 Panof
2552 4458 2630 4512 ka
2681 4458 3066 4530 Sitzungsber.
3107 4460 3159 4516 d.

554 4531 697 4586 Berl.
736 4532 917 4588 Akad.
951 4539 1085 4588 1851
1115 4535 1411 4604 phil-hist.
1441 4536 1527 4590 Κ1.
1558 4555 1611 4606 p.
1646 4541 1747 4589 116
1771 4553 1890 4605 sqq.

731 4616 784 4683 3)
820 4614 1002 4680 „Gette
1036 4615 1212 4686 imaqe
1247 4615 1399 4669 vetue
1446 4615 1581 4671 d'wn
1625 4622 1859 4672 costmne
1904 4616 1969 4672 de
2013 4617 2218 4685 moine,
2264 4618 2407 4674 dans
2452 4620 2682 4689 laquelle
2721 4619 3050 4676 Constantiam
3083 4637 3164 4675 re—

553 4700 759 4749 comiut
809 4712 892 4748 uu
945 4712 1084 4767 auye
1138 4740 1147 4750 .
1201 4740 1210 4750 .
1266 4736 1310 4763 .,
1365 4697 1499 4750 etait
1551 4697 1823 4766 peut-&tre
1875 4698 2100 4768 quelque
2153 4698 2388 4754 divinite
2434 4701 2693 4755 medicale
2744 4716 2819 4755 ou
2870 4700 3167 4770 cabirique,
