3611 5264
1175 358 1259 412 De
1295 358 1606 413 incubandi
1637 358 1840 413 ritibus
1879 358 2276 429 symbolisque.
2950 360 3028 424 17

410 518 616 584 Vino
672 520 1170 586 abstinebant
1218 521 1389 604 apud
1433 520 1901 605 Amphiaraum
1949 545 2065 606 per
2108 527 2240 587 tres
2289 523 2422 587 dies
2446 521 2515 607 1).

553 641 616 695 τὸ
655 642 926 709 μαντικὸν
961 642 1024 696 τὸ
1064 642 1125 697 ἐκ
1161 651 1272 698 τῶν
1312 642 1616 711 ὀνειράτων
1642 688 1653 699 .
1678 687 1687 698 .
1713 688 1723 699 .
1751 641 1895 718 ῥ’ᾇον
1932 647 2097 717 διορᾷ
2137 644 2191 714 (ἡ
2229 644 2405 714 ψυχή)
2453 643 2526 713 μὴ
2573 642 3028 715 ξυντεθολωμένη

555 722 665 776 ὑπὸ
721 730 820 775 τοῦ
869 721 1029 778 οἴνου
1074 722 1337 777 Philostr.
1385 722 1451 777 V.
1510 722 1693 792 Apoll.
1734 724 1785 777 Π
1820 725 1890 778 37
1937 742 1991 793 p.
2025 729 2117 792 79,
2152 730 2179 777 1
2210 724 2275 778 Κ.
2322 723 2386 777 τὸ
2433 725 2751 795 χρησμῶδες
2797 723 2860 778 ἐν
2909 734 3032 786 ταῖς

556 802 868 870 νηφούσαις
912 811 1122 873 ’ψυχαῖς
1158 800 1413 857 τίθενται
1450 803 1527 857 ib.
1566 820 1618 871 p.
1653 809 1745 871 79,
1778 809 1860 857 14.
1902 803 1970 858 cf.
2002 819 2146 871 quae
2181 802 2446 857 Philostr;
2483 803 2559 857 ib.
2598 803 2624 855 I
2654 809 2684 856 9
2724 804 2794 857 de
2829 803 3030 857 iuvene

552 884 746 935 narrat
784 882 1013 951 Assyrio
1061 883 1133 935 ab
1170 881 1509 951 Aesculapio
1559 883 1845 952 neglecto,
1898 882 2033 952 quia
2079 883 2292 952 ἐτρύφα
2339 890 2545 938 νοσοῦν
2582 883 2664 953 (τὸ
2712 883 3028 954 μειράκιον)

554 962 649 1015 καὶ
699 962 759 1016 ἐν
805 960 999 1024 πότοις
1050 961 1136 1032 ἔζη
1175 967 1247 1031 (Ρ.
1279 969 1330 1031 8,
1363 966 1466 1032 11).
1543 963 1689 1031 „Die
1729 958 1918 1019 Go'tteo‘·
1962 965 2060 1018 der
2105 963 2395 1018 Unterwelt
2437 965 2633 1017 hassen
2679 964 2786 1018 den
2829 964 3026 1019 Wein“

555 1040 784 1110 Stengel
829 1041 1224 1097 Kultusaltert.
1244 1042 1264 1072 ²
1300 1061 1351 1112 p.
1384 1048 1467 1096 93.
1544 1044 1852 1112 Propterea
1901 1060 2013 1097 non
2066 1042 2258 1096 vinum
2306 1043 2377 1095 iis
2417 1042 2655 1111 libatur,
2707 1043 2807 1097 sed
2857 1045 3028 1113 potus

555 1120 802 1191 quidam,
841 1138 1008 1188 quem
1044 1121 1294 1190 νηφάλια
1330 1121 1633 1190 vocabant,
1675 1121 1811 1190 quia
1848 1122 1977 1177 vino
2016 1121 2263 1177 carebat.
2338 1123 2569 1192 Stengel
2604 1122 2640 1176 l.
2672 1140 2716 1176 c.
2759 1141 2814 1192 p.
2844 1129 2912 1177 93
2944 1141 3024 1193 sq.

553 1199 709 1254 Diels
749 1200 1004 1269 Sibyllin.
1046 1201 1265 1255 Blatter
1299 1219 1352 1270 p.
1386 1206 1453 1255 70
1473 1218 1552 1269 sq.
1612 1202 1682 1257 cf.
1719 1202 1900 1257 Wess,
1941 1202 2031 1256 Grr.
2073 1202 2174 1257 ZP.
2206 1209 2291 1269 22,
2322 1208 2388 1256 57
2407 1225 2419 1257 :
2460 1201 2620 1256 οἴνου
2657 1200 3027 1273 ἀπεχόμενος,

553 1280 840 1334 antecedit
888 1281 996 1351 (52)
1052 1281 1464 1350 προαγνεύσας,
1520 1298 1632 1349 quo
1692 1280 1972 1335 lustrandi
2028 1298 2200 1335 causa
2247 1284 2386 1351 potu
2447 1281 2845 1335 abstinendum
2907 1299 3027 1336 esse

558 1360 890 1413 declaratur.
966 1360 1122 1414 Riess
1158 1360 1646 1429 Pauly-Wissowa
1683 1380 1724 1416 s.
1755 1379 1803 1416 V.
1838 1361 2195 1432 Aberglaube
2231 1380 2284 1430 p.
2318 1368 2402 1430 34,
2424 1368 2507 1416 67.

412 1486 704 1550 Faunum
751 1485 1160 1551 consulturos
1208 1491 1467 1552 castos
1516 1508 1654 1552 esse
1701 1487 1964 1553 decebat
1979 1486 2046 1576 2).

406 1610 593 1675 Adde
638 1610 903 1676 Tertull.
953 1611 1030 1674 de
1075 1633 1173 1676 an.
1212 1612 1297 1676 48
1348 1611 1414 1677 O.
1454 1611 1515 1678 S.
1555 1613 1629 1677 Ε.
1668 1613 1738 1677 L.
1776 1613 1900 1677 XX
1941 1614 1974 1677 1
2017 1636 2077 1697 p.
2108 1612 2266 1677 379:
2312 1615 2522 1698 „apud
2563 1613 2819 1678 oracula
2854 1615 3025 1678 incu-

406 1711 647 1775 baturis
692 1760 707 1775 .
757 1762 769 1773 .
818 1759 831 1772 .
878 1711 1250 1774 castimonia
1294 1711 1661 1776 inducitur“.
1710 1709 1817 1798 (cf.
1849 1734 1909 1795 p.
1945 1709 2073 1798 15.)
3117 1726 3124 1737 ’

551 1838 819 1893 Homines
867 1841 1052 1893 castos
1099 1839 1392 1913 divinandi
1440 1842 1551 1895 arti
1597 1841 1958 1910 occupandae
2004 1840 2236 1894 idoneos
2285 1856 2407 1895 esse
2446 1841 2796 1894 demonstrat
2830 1841 3021 1909 Pomp.

547 1919 698 1972 Mela
735 1919 814 1971 III
833 1924 883 1985 6,
912 1925 1006 1988 48,
1045 1919 1143 1987 qui
1191 1921 1259 1974 de
1306 1919 1610 1974 Gallizenis
1655 1920 1829 1975 refert
1873 1921 2148 1989 perpetua
2193 1919 2520 1990 virginitate
2559 1919 2796 1990 sanctiS,
2844 1920 3023 1974 Senae

549 1998 609 2051 in
646 1999 834 2052 insula
868 1998 1261 2054 habitantibus
1279 2043 1293 2069 ,
1331 2016 1471 2068 quas
1508 2000 1855 2055 insanabilia
1892 2016 2119 2069 sanare,
2155 2003 2389 2054 ventura
2425 2000 2566 2054 scire
2606 2003 2664 2054 et
2698 2000 3023 2069 praedicare

547 2079 846 2147 putabant.
920 2078 990 2133 cf.
1039 2096 1184 2148 quae
1235 2080 1385 2150 apud
1421 2081 1585 2135 Faus,
1615 2081 1719 2136 VH
1747 2086 1842 2147 25,
1875 2086 1940 2134 13
1989 2080 2059 2134 de
2105 2080 2308 2134 Terrae
2353 2081 2655 2134 traduntur
2703 2081 3018 2135 sacerdote:

547 2159 687 2229 γυνὴ
716 2157 779 2213 δὲ
810 2158 841 2228 ἡ
871 2159 960 2211 ἀεὶ
987 2158 1090 2228 τὴν
1119 2159 1423 2229 ἱερωσύνην
1451 2159 1811 2233 λαμβάνουσα
1848 2160 2123 2231 ἁγιστεύει
2160 2157 2263 2228 μὲν
2289 2160 2352 2215 τὸ
2390 2160 2504 2215 ἀπὸ
2540 2160 2766 2229 τούτου,
2805 2161 2873 2214 οὐ
2910 2160 3021 2229 μὴν

547 2238 679 2293 οὐδὲ
716 2239 785 2292 τὰ
821 2239 1064 2307 πρότερα
1101 2238 1253 2294 ἔσται
1280 2240 1450 2296 πλέον
1489 2239 1523 2310 ἢ
1555 2241 1680 2304 ἑνὸς
1715 2240 1926 2309 ἀνδρὸς
1964 2239 2020 2302 ἐς
2048 2249 2251 2308 πεῖραν
2288 2237 2585 2309 ἀφιγμένη.
2647 2239 3022 2293 'Sacerdotem

545 2319 706 2371 illam
742 2318 1103 2373 vaticinando
1141 2319 1302 2389 fungi
1340 2337 1370 2374 e
1398 2320 1581 2375 Plinio
1620 2336 1894 2390 agnoscas
1921 2319 2066 2374 Hist.
2096 2321 2212 2373 nat.
2244 2325 2330 2385 28,
2361 2324 2411 2386 9,
2441 2325 2507 2373 41
2540 2319 2630 2388 (cf.
2660 2318 2811 2373 infra
2836 2337 2890 2388 p.
2911 2322 3016 2385 41).

551 2397 856 2452 Christiani
893 2414 1116 2466 quoque
1152 2400 1449 2469 perspicua
1487 2400 1705 2454 somnia
1741 2401 2065 2468 expetentes
2104 2401 2294 2453 castae
2332 2398 2483 2452 vitae
2517 2415 2744 2467 operam
2774 2399 3020 2452 dandam

550 2494 671 2532 esse
707 2477 1132 2547 intellegebant.
1209 2479 1277 2533 cf.
1318 2497 1463 2547 quae
1509 2481 1701 2534 monet
1738 2478 2001 2548 Synesius
2051 2478 2121 2532 de
2169 2477 2461 2532 insomniis
2511 2484 2539 2531 7
2580 2478 2771 2548 Migne
2807 2478 3016 2532 Patrol.

547 2558 638 2613 Gr.
678 2560 718 2613 t.
751 2564 817 2611 66
863 2576 916 2626 p.
951 2563 1085 2611 1301
1108 2557 1183 2628 A,
1231 2560 1330 2613 ubi
1390 2559 1621 2630 exponit
1674 2576 1788 2628 qua
1833 2557 2054 2612 ratione
2091 2575 2192 2611 nos
2239 2558 2351 2627 ipsi
2399 2558 2472 2611 ad
2510 2556 2800 2611 divinandi
2839 2560 3018 2611 artem

547 2640 914 2693 exercendam
948 2638 1225 2707 possimus
1264 2642 1527 2696 educare:
1576 2638 1674 2695 καί
1708 2659 1857 2702 τινες
1902 2638 2009 2708 ἤδη
2049 2638 2148 2692 διὰ
2192 2639 2256 2693 τὸ
2301 2647 2522 2692 τοιοῦτο
2570 2635 2782 2712 λιχνείᾳ
2829 2640 3018 2693 δελεα-

547 2720 774 2781 σθέντες
827 2720 1190 2789 προγνώσεως
1209 2761 1223 2788 ,
1288 2719 1567 2789 τράπεζάν
1628 2739 1688 2774 τε
1753 2720 1867 2774 ἀπὸ
1933 2719 2379 2789 φλεγμαινούσης
2436 2717 2594 2786 ἱερὰν
2649 2719 2746 2772 καὶ
2797 2716 3018 2786 ἄτυφον

545 2798 892 2867 προῦθεντο,
948 2800 1046 2853 καὶ
1101 2797 1295 2870 κοίτην
1343 2799 1667 2868 ἠσπάσαντο
1722 2798 1991 2866 καθαρὰν
2036 2799 2133 2852 καὶ
2183 2796 2512 2866 ἀμόλυντον.
2587 2797 2617 2851 ὁ
2656 2797 2763 2867 γὰρ
2803 2795 2907 2851 ὅσα
2941 2795 3018 2870 τῷ

550 2882 748 2933 Πυθοῖ
779 2876 1005 2948 τρίποδι
1051 2887 1117 2950 τῇ
1163 2878 1322 2952 κλίνῃ
1368 2878 1731 2950 χρησόμενος,
1775 2882 1982 2933 πολλοῦ
2028 2880 2119 2932 δεῖ
2162 2876 2446 2947 μάρτυρας
2481 2874 2785 2939 ἀκολασίας
2817 2876 2918 2939 τὰς
2954 2876 3016 2932 ἐν

543 2960 683 3029 αὐτῇ
744 2959 951 3021 νύκτας
999 2959 1366 3027 ποιήσασθαι.
1457 3002 1488 3029 ,,
1501 2960 1792 3027 Beischlaf
1837 2959 1993 3013 ward
2048 2959 2134 3012 als
2188 2958 2644 3028 verumreiniyend
2703 2959 3014 3028 anqesehn“

546 3038 777 3109 Stengel
804 3038 1111 3093 Kultusalt.
1134 3039 1154 3070 ²
1179 3059 1234 3108 p.
1267 3045 1384 3094 148.
1427 3039 1493 3093 cf.
1516 3039 1671 3094 Riess
1707 3037 2191 3107 Pauly-Wissowa
2221 3056 2263 3093 s.
2287 3057 2336 3093 v,
2367 3037 2732 3108 Aberglaube
2768 3056 2821 3107 p.
2854 3044 2921 3091 34
2934 3056 3013 3105 sq.

545 3136 594 3173 v.
622 3118 871 3186 Parthey
908 3136 962 3187 p.
996 3125 1116 3186 128,
1146 3124 1276 3174 291:
1314 3116 1697 3190 (ἀπεχόμενος)
1735 3118 1919 3187 πάσης
1956 3115 2269 3180 συνουσίας.

399 3244 799 3330 Vigilasse
845 3246 1143 3310 videntur
1188 3245 1547 3330 Trophonii
1594 3246 1915 3330 supplices
1930 3243 2000 3332 3).

398 3369 685 3435 Balnea
729 3369 978 3435 calida
1023 3371 1194 3453 apud
1239 3370 1683 3455 Trophonium
1720 3367 2266 3456 vetabantur4).

544 3508 609 3564 cf.
649 3510 828 3565 Wess,
867 3509 960 3564 Gr.
1000 3511 1101 3565 ZP.
1140 3529 1193 3580 Ρ.
1217 3515 1302 3578 39,
1333 3516 1435 3565 735
1466 3528 1575 3578 sq.:
1614 3508 1945 3580 ἀποσχέσθω
1968 3555 1976 3564 ,
2002 3553 2014 3565 .
2040 3506 2373 3579 ,βαλανείου
2411 3507 2500 3577 (cf.
2539 3525 2592 3575 p.
2626 3510 2729 3576 16).

1524 3688 1590 3741 Π.
1631 3687 1888 3742 Cultus,

399 3787 596 3872 Apud
650 3787 1096 3872 Trophonium
1151 3789 1277 3853 duo
1333 3809 1569 3876 genera
1625 3786 2151 3852 instaurabantur
2209 3784 2809 3869 sacrificiorum,
2856 3783 3010 3848 alteL

397 3909 543 3949 rum
588 3886 963 3971 Trophonio
1011 3887 1367 3971 ceterisque
1413 3887 1512 3951 dis
1558 3885 1889 3950 Lebadeae
1945 3884 2135 3949 cultis
2182 3884 2451 3948 minoris
2498 3882 2809 3946 momenti
2855 3882 3009 3947 alte—

397 4005 543 4046 rum
607 3985 870 4049 maioris
933 3988 1320 4050 nocturnum
1395 3984 1858 4069 epibothrium,
1933 4005 1967 4046 e
2031 3983 2212 4046 cuius
2281 3982 2446 4045 extis
2521 3980 3009 4065 cognoscebant,

401 4085 622 4145 utrum
681 4083 958 4166 supplici
1012 4083 1234 4146 liceret
1291 4083 1669 4146 descendere
1713 4102 1938 4166 necne,
2007 4080 2433 4143 adhibebatur
2500 4078 2566 4141 in
2621 4078 2745 4142 hoc
2805 4079 3008 4143 altero

399 4180 713 4243 sacrificio
760 4181 925 4244 aries
972 4184 1127 4266 ater,
1174 4180 1252 4243 de
1299 4201 1424 4262 quo
1472 4180 1656 4243 infra.
1732 4176 1946 4265 (Paus.
1986 4177 2080 4241 IX
2118 4177 2222 4260 39,
2251 4175 2309 4240 5.
2341 4176 2427 4263 6.)

396 4275 594 4359 Apud
648 4276 1113 4361 Amphiaraum
1170 4299 1425 4362 quoque
1482 4276 1716 4361 duplex
1772 4276 2085 4341 usitatum
2142 4279 2280 4338 erat
2335 4274 2736 4359 sacrificium,
2792 4297 3008 4359 quam-

578 4508 631 4576 1)
666 4505 929 4561 Philostr.
968 4506 1034 4561 V.
1072 4505 1255 4577 Apoll.
1294 4505 1346 4560 Π
1375 4511 1458 4561 37.
1515 4505 1585 4559 cf.
1614 4522 1667 4575 p.
1701 4510 1784 4574 14,
1816 4511 1865 4558 2.

576 4585 630 4652 2)
670 4602 836 4652 „usus
872 4586 1019 4640 abest
1063 4586 1317 4640 Vene‘ris‘⁴
1357 4586 1454 4641 Ov.
1494 4586 1644 4640 Fast.
1683 4585 1758 4638 IV
1788 4591 1910 4638 657.

576 4668 629 4734 3)
668 4665 736 4720 cf.
775 4684 828 4735 p.
861 4671 946 4733 14,
975 4671 1024 4719 4.

576 4747 630 4814 4)
669 4743 1033 4814 διαιτώμενός
1066 4764 1124 4799 τε
1162 4744 1414 4801 ἐνταῦθα
1436 4791 1447 4801 .
1473 4791 1482 4802 .
1509 4750 1784 4816 ,λουτρῶν
1832 4742 2072 4818 εἴργεται
2109 4747 2337 4815 θερμῶν
2372 4744 2535 4798 Paus.
2565 4741 2641 4798 IX
2669 4748 2755 4810 39,
2784 4746 2833 4797 5.

503 4843 545 4885 D
557 4855 581 4886 ο
591 4844 661 4884 ub
673 4856 704 4884 n
714 4856 738 4885 e
750 4856 794 4898 r,
826 4845 881 4885 de
909 4845 1218 4886 incubatione.
2546 4840 2577 4888 2
