3611 5264
599 345 726 408 130
1764 343 2045 399 Laudatio
2329 360 2336 367 ·
2813 351 2897 415 19,
2920 351 3147 419 16-22,
3170 354 3201 401 3

593 508 883 594 ἔχεσθαι,
1091 510 1202 574 ἵνα
1246 510 1334 593 μὴ
1383 509 1581 594 σκάζῃ
1628 510 1791 573 κατὰ
1836 505 2045 593 μηδὲν
2089 509 2131 591 ἡ
2180 506 2491 593 ἐντέλεια,
2653 509 2818 575 ἀλλὰ
2863 509 3065 576 πάλιν
3112 512 3203 589 ὡς

592 606 719 673 ἀπὸ
769 609 1033 693 φύσεως
1168 606 1209 690 ἢ
1256 605 1703 688 ἀναπλάσεως,
1825 607 1897 672 ἐν
1942 610 2296 692 τελειότητι
2430 605 2596 693 μένῃ
2643 606 2680 672 ὁ
2727 609 3106 694 ἄνθρωπος.

504 717 582 772 20
769 705 1066 770 ἐνταῦθα
1112 703 1443 788 ὑδροπική
1488 728 1589 781 τις
1645 703 1958 790 ἐτέθειτο,
2130 703 2240 770 καὶ
2298 707 2534 770 ἰδοῦσα
2588 705 2706 770 τὸν
2761 706 2956 789 ἅγιον
3125 717 3204 793 τῇ

597 807 796 889 σμίλῃ
843 804 957 879 τὰς
1013 801 1240 886 βάσεις
1283 804 1490 888 ἄκρας
1544 801 2048 887 ἀναστομοῦνται
2105 803 2497 887 διύπνησεν·
2659 799 2744 886 ἧν
2788 805 2915 890 γὰρ
2960 806 3205 869 καθεύ-

594 902 829 984 δουσα,
1002 901 1162 966 ὅταν
1219 899 1699 986 ἐχειρουργήθη
1754 901 1934 987 παρὰ
1987 909 2108 966 τοῦ
2161 901 2512 987 μάρτυρος.
2684 913 2824 977 τοῖς
2878 898 2949 966 δὲ
3004 901 3205 967 ποσὶν

592 998 803 1075 εὐθὺς
847 1001 1009 1083 μετὰ
1055 999 1178 1081 τὴν
1225 998 1623 1084 ἐγρήγορσιν
1671 997 2071 1063 ἐπινεύσασα
2248 998 2434 1084 ὕδωρ
2495 997 2619 1084 ὁρᾷ
2661 999 2808 1085 πύῳ
2855 997 2965 1064 καὶ
3014 1001 3202 1084 ἰχῶρι

545 1121 569 1161 5
592 1096 934 1181 ἐπίμικτον
1069 1096 1376 1161 κάτωθεν
1422 1096 1510 1172 ὡς
1557 1097 1968 1181 διαρρύσεώς
2013 1118 2197 1172 τινος
2242 1093 2577 1181 ἀπορρέον
2621 1106 2757 1160 τῶν
2800 1097 3076 1179 βάσεων.

587 1196 830 1260 τούτου
879 1191 952 1259 δὲ
1000 1195 1093 1271 εἰς
1139 1190 1307 1271 ἅπαξ
1365 1191 1853 1270 ἐκκενωθέντος
1906 1190 2134 1270 ἀσινὲς
2186 1194 2261 1258 τὸ
2318 1203 2506 1277 σῶμα
2560 1192 2867 1278 κατέστη,
2920 1193 3031 1259 καὶ
3077 1205 3198 1261 τοῦ

585 1296 870 1375 γυναίου
917 1290 953 1356 ὁ
1000 1291 1239 1378 ὕδερος
1281 1291 1352 1356 ἐκ
1396 1290 1604 1376 μέσου
1650 1290 1930 1375 ἐγένετο.

766 1392 957 1455 ἄλλοι
1005 1385 1077 1453 δὲ
1122 1391 1317 1454 πόσοι
1354 1399 1433 1476 τῇ
1480 1392 1658 1477 νόσῳ
1696 1390 1901 1475 ταύτῃ
1938 1392 2332 1466 παλαίοντες
2474 1389 2926 1476 ὁμοιοτρόπως
2974 1389 3044 1455 ἐκ
3080 1400 3200 1456 τοῦ

587 1486 784 1570 ἁγίου
830 1490 1207 1552 πεπόνθασι
1348 1485 1458 1551 καὶ
1506 1485 1836 1574 ῥωμαλέοι
1885 1487 2201 1553 ἐντεῦθεν
2247 1487 2673 1572 ἀπήχθησαν,
2817 1487 2962 1553 ἀλλ’
3012 1485 3050 1553 ὁ
3098 1493 3199 1553 λε-

515 1611 567 1649 10
586 1585 750 1672 πρὸς
797 1584 1056 1651 ἐκεῖθεν
1098 1586 1257 1670 ἡμῖν
1302 1585 1498 1668 ὑγιὴς
1531 1584 1906 1669 διαλέγεται
2021 1583 2132 1650 καὶ
2169 1593 2261 1673 τῷ
2298 1586 2596 1673 ἐγκωμίῳ
2634 1593 3200 1670 συναριθμεῖσθαι

586 1682 1039 1770 προτρέπεται.
1197 1683 1360 1769 [ὁρῶ
1408 1681 1517 1747 καὶ
1563 1685 1795 1748 παιδία
1852 1691 1942 1770 τῷ
1998 1686 2174 1771 λόγῳ
2220 1695 2743 1769 περισκιρτῶντα
2787 1682 2898 1748 καὶ
2944 1686 3201 1768 μνήμης

582 1780 953 1865 ἀξιωθῆναι
1004 1785 1344 1865 ζητοῦντα,
1390 1778 1638 1866 τὰ·μὲν
1683 1783 2025 1865 δαιμόνων
2071 1778 2524 1865 ἐξαιρεθέντα,
2579 1782 2660 1845 τά
2715 1778 2788 1846 δὲ
2841 1783 2967 1857 τὰς1
3014 1783 3201 1859 ὄψεις

583 1879 1025 1963 ἀπολαβόντα,
1070 1878 1258 1965 ἕτερα
1303 1880 1707 1965 παραλύσεις
1761 1880 2067 1962 γονάτων
2121 1878 2542 1961 ἀποβαλόντα
2595 1876 2705 1943 καὶ
2762 1880 2929 1943 ἄλλα
2984 1882 3198 1943 ποικί-

584 1982 722 2041 λων
768 1976 1304 2063 ἀρρωστημάτων
1350 1975 1813 2061 ζημιωθέντα.]
1862 1974 2006 2042 ἀλλ’
2060 1978 2119 2041 εἰ
2172 1985 2378 2041 ταῦτα
2436 1974 2589 2041 καθ’
2655 1977 2729 2041 ἓν
2785 1979 3200 2062 συγγράφειν

511 2099 562 2139 15
583 2072 939 2158 ἐθέλωμεν,
1032 2073 1068 2138 ὁ
1104 2086 1232 2149 πᾶς
1277 2075 1445 2158 ἡμᾶς
1492 2072 1874 2158 ἐπιλήψεται
1921 2077 2162 2161 χρόνος
2206 2076 2374 2162 τῷδε
2411 2084 2502 2162 τῷ
2543 2073 2957 2161 ἐγχειρήματι
2994 2093 3196 2162 προσ-

581 2169 952 2257 ανέχοντας.

756 2270 946 2346 ἕλκος
990 2268 1214 2357 ἕτερος
1259 2264 1436 2354 εἶχεν
1478 2270 1840 2355 ὑπόμαζον,
2000 2269 2074 2334 ἐν
2120 2272 2498 2356 σχολαρίοις
2544 2267 2619 2335 δὲ
2663 2269 3062 2353 κατελέγετο.

578 2366 688 2432 καὶ
735 2368 860 2455 ὁρᾷ
903 2369 1022 2433 τὸν
1066 2366 1378 2452 ποιμένα,
1424 2368 1599 2433 οὕτω
1647 2368 1774 2454 γὰρ
1822 2366 1980 2432 δέον
2023 2373 2253 2432 καλεῖν
2298 2368 2417 2432 τὸν
2461 2376 2583 2432 τοῦ
2619 2372 2938 2452 ποιμνίου
2982 2373 3195 2445 καλῶς

427 2536 431 2544 ,
578 2466 1049 2550 ἀντεχόμενον,
1145 2465 1381 2542 ἁπλῶς
1425 2465 1551 2553 ὁρᾷ
1593 2467 1711 2531 τὸν
1755 2463 2040 2549 ποιμένα
2091 2466 2479 2550 Θεράποντα
2587 2475 2849 2552 κηρωτῇ
2896 2468 2968 2532 τὸ
3007 2466 3193 2543 ἕλκος

509 2589 561 2627 20
583 2565 889 2649 ἰώμενον,
1070 2563 1106 2628 ὃ
1162 2562 1271 2628 καὶ
1334 2563 1625 2648 ἐγεγόνει
1686 2563 1761 2628 ἐν
1814 2563 2164 2651 πράγματι.
2345 2561 2454 2627 καὶ
2510 2561 2659 2649 μεθ’
2723 2562 2968 2651 ἡμέρας
3024 2576 3193 2641 σῶος

497 2667 569 2721 21
590 2660 837 2747 εὑρέθη
884 2660 993 2726 καὶ
1042 2664 1352 2749 ἄτρωτος,
1506 2663 1596 2740 ὡς
1639 2659 1808 2747 μηδὲ
1854 2661 2063 2745 οὐλὴν
2110 2662 2180 2727 ἐκ
2226 2670 2347 2726 τοῦ
2394 2663 2765 2747 τραύματος
2811 2665 3190 2746 φαίνεσθαι.

759 2761 1047 2842 <ἅλλος>
1076 2783 1178 2836 τις
1205 2760 1455 2836 ὕπατος
1578 2759 1688 2825 καὶ
1719 2761 2053 2843 στομάχου
2089 2762 2323 2835 πόνοις
2349 2783 2420 2824 τε
2456 2758 2567 2824 καὶ
2596 2759 3001 2844 ἀνωμαλίαις
3037 2784 3192 2846 τρυ-

575 2860 850 2941 χόμενος
933 2886 939 2891 ·
984 2857 1025 2941 ἢ
1073 2859 1362 2942 σπληνὸς
1421 2859 1594 2946 ὄγκῳ
1657 2856 1766 2922 καὶ
1826 2857 2148 2942 ἀλγηδόνι
2214 2857 2498 2943 γαστρὸς
2560 2856 2943 2942 ἐνεχόμενος
3077 2867 3192 2942 τῆς

574 2978 644 3019 τε
687 2959 1048 3041 θεραπείας
1091 2953 1202 3020 καὶ
1250 2955 1655 3040 ἀνακομιδῆς
1699 2957 1896 3039 τάχος
1942 2955 2065 3020 οὐκ
2110 2953 2357 3040 ᾔσθετο
2494 2956 2607 3020 διὰ
2666 2964 2787 3020 τοῦ
2835 2954 3024 3020 ἐλέου
3069 2965 3189 3020 τοῦ

529 3069 553 3109 5
572 3054 921 3139 μάρτυρος.
3025 3048 3029 3052 ’

753 3153 953 3226 ἄλλος
998 3150 1218 3233 ἕτερος
1265 3148 1606 3237 (Μαρῖνος
1651 3152 1860 3235 ὄνομα
1908 3147 2117 3237 αὐτῷ)
2165 3150 2331 3233 πρὸς
2376 3159 2454 3235 τῇ
2506 3150 2772 3236 ἀφωνίᾳ
2816 3149 2927 3216 καὶ
2971 3163 3192 3216 πᾶσαν

575 3247 1000 3333 ἀφῃρημένος
1046 3250 1345 3332 ἔμφυτον
1389 3251 1657 3331 κίνησιν
1790 3254 2134 3333 προσῆλθε
2179 3257 2271 3334 τῷ
2315 3251 2650 3334 θεσπεσίῳ
2691 3249 2906 3335 τούτῳ
2955 3250 3187 3331 σεβάσ-

572 3368 743 3429 ματι.
881 3340 1021 3409 εἷτα
1067 3347 1231 3410 κατὰ
1277 3346 1350 3410 τὸ
1397 3345 1527 3410 ὑπὸ
1566 3355 1687 3410 τοῦ
1725 3345 1923 3428 ἁγίου
1962 3346 2035 3411 ἐν
2072 3345 2353 3431 ὀπτασίᾳ
2390 3342 2630 3430 λεχθὲν
2658 3345 2951 3429 ἠλείφθη
2991 3340 3188 3421 οὗτος

569 3450 662 3529 τῷ
722 3454 858 3507 τῶν
919 3444 1254 3522 λειψάνων
1314 3443 1823 3530 ἀπομυρίσματι.
1978 3442 2087 3508 καὶ
2145 3452 2342 3507 τοῦτο
2398 3441 2642 3507 παθὼν
2698 3443 2850 3519 ὅλος
2905 3442 3184 3526 γέγονεν

570 3540 765 3624 ὑγιὴς
809 3542 1052 3627 καρδίᾳ
1098 3540 1390 3621 δοξάζων
1433 3540 1544 3606 καὶ
1582 3543 1856 3626 στόματι
1983 3542 2101 3606 τὸν
2139 3541 2250 3605 διὰ
2287 3552 2422 3605 τῶν
2459 3540 2670 3623 ἁγίων
2711 3541 2884 3605 Θεὸν
2913 3549 3188 3606 τοιαῦτα

500 3666 552 3704 10
569 3648 892 3704 ποιοῦντα
938 3641 1303 3724 θαυμάσια.

481 3748 557 3805 22
749 3737 871 3802 οὐκ
917 3739 1044 3823 ἄρα
1093 3734 1167 3802 δὲ
1214 3732 1394 3821 οἶμαι
1449 3740 1826 3823 προσκόψαι
1872 3737 2078 3820 τινάς,
2135 3742 2317 3823 εἴπερ
2372 3734 2482 3801 καὶ
2538 3734 2730 3814 ξένον
2785 3735 3187 3821 ἐγκαταμίξω

569 3844 660 3922 τῷ
709 3837 884 3922 λόγῳ
933 3837 1238 3918 διήγημα.
1359 3835 1441 3899 οὐ
1486 3836 1697 3918 μόνον
1741 3836 1871 3921 γὰρ
1921 3840 2122 3918 ἴασιν,
2240 3834 2407 3899 ἀλλά
2454 3833 2580 3920 γάρ
2626 3831 2736 3899 καὶ
2783 3833 3144 3899 ἀσθένειαν

569 3927 719 3995 οἶδα
762 3934 883 3997 τὸν
928 3933 1123 4015 ἅγιον
1274 3933 1441 4018 πρὸς
1488 3934 1821 4019 σωτηρίαν
1865 3930 2000 3996 τινὶ
2046 3931 2507 4019 χαρισάμενον.
2644 3931 2750 4016 [τὸ
2799 3928 2874 4001 δὲ
2920 3934 3185 4016 λεγόμε-

746 4172 810 4221 16
848 4165 1025 4237 μηδὲν
1061 4167 1111 4221 Α
1176 4168 1374 4237 μικρὸν
1410 4167 1469 4221 Μ
1519 4171 1527 4238 Ι
1580 4174 1644 4222 17
1692 4167 1844 4237 μένει
1883 4169 2002 4222 ΑΜ
2045 4172 2064 4239 ΙΙ
2110 4175 2196 4237 20,
2229 4174 2256 4223 1
2306 4165 2536 4236 ἐτέθητο
2575 4167 2692 4221 ΑΜ
2743 4166 2886 4239 γυνή
2923 4168 3053 4222 add.
3086 4167 3179 4241 M}

565 4253 596 4320 2
636 4246 813 4316 ἄκρας
849 4246 1038 4318 βάσεις
1073 4248 1132 4301 Μ
1163 4251 1171 4318 1
1205 4246 1495 4304 διῧπνισεν
1524 4248 1583 4301 Μ
1615 4252 1623 4319 Ι
1657 4255 1688 4302 3
1720 4247 2116 4318 ἴερομᾶρτυρος
2141 4251 2201 4302 Μ
2233 4252 2241 4319 Ι
2274 4254 2306 4302 5
2335 4247 2603 4303 κάθωὸεν
2633 4249 2679 4301 Α
2712 4251 2721 4317 Ι
2753 4247 3105 4319 διαβρύσεώς
3132 4248 3184 4300 Α

563 4325 901 4391 διαυλωνίας
936 4327 997 4379 Μ
1027 4331 1035 4398 Ι
1068 4335 1100 4382 6
1138 4346 1196 4381 τε
1235 4331 1367 4383 ante
1403 4326 1466 4382 τό
1505 4328 1633 4382 add.
1673 4329 1733 4381 M
1778 4330 1786 4401 ἰ
1831 4334 1861 4380 7
1898 4327 2097 4398 ὕδερος
2132 4329 2192 4381 Μ
2229 4327 2470 4397 ὀδυρμὸς
2505 4328 2555 4381 Α
2597 4329 2606 4399 Ι
2652 4334 2684 4381 9
2724 4326 3056 4399 ἐπήχθησαν
3094 4328 3177 4400 ΑΙ

562 4406 681 4461 ἀλλ’
718 4439 783 4447 -
818 4413 881 4461 11
904 4404 1271 4476 προτρέπεται
1318 4409 1523 4463 desunt
1568 4408 1628 4462 in
1665 4408 1724 4462 M
1773 4411 1782 4478 Ι
1835 4414 1899 4462 11
1941 4408 2004 4463 δὲ
2040 4411 2169 4479 post
2206 4408 2315 4478 ὁρῶ
2355 4407 2484 4462 add.
2524 4408 2583 4460 M
2633 4410 2641 4478 Ι
2686 4413 2751 4460 12
2797 4408 2894 4462 καὶ
2943 4409 3073 4460 ante
3111 4406 3184 4461 τὰ

562 4486 663 4556 μὲν
710 4489 838 4542 add.
867 4486 926 4540 M
980 4489 987 4555 Ι
1042 4487 1175 4556 ἐξερ.
1216 4491 1366 4559 δαιμ.
1406 4488 1465 4542 Μ
1514 4492 1523 4559 1
1567 4495 1633 4543 13
1672 4482 1832 4557 ἔτερα
1869 4521 1937 4529 -
1975 4485 2332 4560 ἀποβαλόντα
2381 4488 2587 4543 desuniz
2621 4487 2680 4541 in
2716 4489 2767 4540 A
2819 4491 2828 4556 Ι
2881 4492 2946 4541 15
2986 4484 3179 4541 ἐθέλο-

561 4586 662 4636 μεν
698 4569 758 4621 Μ
798 4569 806 4640 Ι
858 4574 926 4622 20
964 4566 1180 4637 ἡμέραν
1215 4568 1265 4621 A
1314 4571 1322 4638 Ι
1373 4575 1437 4622 21
1479 4568 1687 4639 ἑυρέθη
1726 4578 1867 4631 σῶος
1902 4569 1961 4622 Μ
2011 4572 2019 4639 Ι
2073 4568 2367 4637 ἄνθρωτος
2402 4570 2454 4622 Α
2500 4570 2512 4639 Ι
2561 4568 2624 4623 ἐν
2659 4572 2736 4640 τῷ
2771 4567 3043 4637 τραύματι
3081 4566 3126 4619 Α
3160 4567 3183 4641 ΙΙ

562 4653 647 4716 21,
678 4653 709 4700 2
749 4648 895 4718 ὄγκῳ
934 4648 1166 4718 σκληρὸς
1201 4647 1260 4701 Μ
1292 4650 1300 4718 Ι
1334 4653 1365 4700 3
1402 4668 1462 4703 τε
1499 4667 1606 4705 om.
1644 4650 1704 4702 M
1735 4653 1743 4721 Ι
1778 4647 1966 4704 ἐλαίου
2002 4648 2123 4702 ΑΜ
2154 4651 2162 4720 Ι
2196 4655 2227 4702 6
2268 4648 2584 4720 σεβάσματα
2620 4646 2669 4700 Α
2703 4649 2711 4717 Ι
2742 4653 2775 4701 9
2806 4647 3061 4713 δοξάσων
3090 4647 3182 4723 ΑΗ

562 4733 647 4796 22,
680 4733 706 4780 1
748 4724 905 4798 οῖμεν
942 4728 1001 4782 Μ
1033 4731 1041 4800 Ι
1075 4728 1441 4803 ἐγκαταλήψῳ
1479 4730 1528 4782 Α
1560 4733 1568 4801 Ι
1601 4736 1632 4783 2
1672 4728 1849 4799 μόνον
1884 4732 2015 4800 post
2052 4728 2206 4785 ἴασιν
2242 4730 2293 4783 Α
