3611 5264
1294 291 1376 347 De
1412 289 1776 346 incubatione
1816 290 2139 368 christiana<
2942 289 3024 353 97

418 460 477 524 εῑ
513 460 980 542 διηγησαίμην,
1017 454 1355 543 χορίτιδάς
1391 479 1462 520 τε
1487 454 1596 520 καὶ
1634 455 2114 541 τριετηρίτιδας
2148 452 2257 518 καὶ
2293 454 2411 529 τὰς
2448 451 2554 518 ἐπὶ
2592 462 2706 537 τῆς
2734 456 3028 530 Βωθείας

410 554 521 621 καὶ
569 556 643 621 ἐν
687 556 1199 620 Μενουθίτιδ
1209 578 1291 630 ος
1338 553 1458 632 ἔξω
1505 555 1862 637 βεβηκυίας
1898 553 2080 617 αἰδοῖ
2114 575 2184 615 τε
2227 549 2337 616 καὶ
2372 552 2761 617 καταστάσει
2798 576 3028 635 γυναι-

409 656 576 741 κείᾳ,
622 657 857 730 πόσοις
903 655 1127 736 ὄγκοις
1173 649 1465 735 γλώττης
1500 650 1542 734 ἢ
1578 653 1761 738 πόσῳ
1798 651 2029 715 πλάτει
2069 647 2437 727 συντάξεως
2475 648 2714 715 ἑαυτὸν
2760 650 3030 726 ἐπιδοὺς

412 750 517 816 ἐπὶ
565 752 686 816 τὸν
729 748 1214 837 προειρημένον
1257 748 1555 835 ἀριθμὸν
1599 749 1720 813 τὸν
1765 746 2116 832 ἀμύθητον
2173 745 2409 813 ἑαυτὸν
2466 747 2779 813 ἐκδοῦναι
2825 750 3027 830 δυνή-

418 866 643 933 σομαι;
710 848 1000 925 Quocum
1073 846 1246 911 haud
1319 846 1641 910 discordat
1717 843 1824 930 Sp.
1887 845 1965 910 R.
2011 844 2110 909 III
2150 847 2230 911 81
2293 878 2376 899 =
2431 846 2519 910 M.
2576 846 2751 910 3416
2775 845 2850 931 C,
2914 846 3026 909 ubi

412 945 747 1010 Menuthjs
795 946 977 1010 vicus
1023 941 1306 1027 δυσαγὲς
1355 943 1727 1008 nominatur
1783 944 2104 1009 daemonii
2156 953 2396 1028 κτῆμα,
2452 943 2488 1009 ὃ
2544 954 2659 1028 τῆς
2713 945 3030 1028 δαίμονος

405 1044 705 1130 ὑπῆρχεν
768 1041 1120 1127 ἐπώνυμον
1176 1039 1287 1107 καὶ
1346 1052 1482 1107 τῶν
1536 1052 1910 1127 μυσαρῶν
1965 1043 2166 1126 αὐτῆς
2220 1047 2557 1107 τελετῶν
2618 1042 2862 1129 μιαρὸν
2925 1042 3026 1107 ἐν-

414 1143 741 1225 διαίτημα.

588 1237 775 1315 Quod
819 1259 971 1303 vero
1019 1236 1286 1301 maximi
1335 1242 1433 1302 est
1478 1238 1790 1302 momenti
1838 1240 2092 1303 constat
2138 1238 2307 1303 inter
2352 1260 2583 1303 omnes
2629 1236 2866 1303 Isidem
2912 1260 3028 1321 per

409 1357 705 1401 somnum
754 1335 1080 1402 sanavisse
1128 1339 1443 1420 aegrotos,
1489 1336 1551 1400 h.
1592 1358 1641 1399 e.
1689 1358 1804 1420 per
1859 1336 2367 1402 incubationem:
2424 1359 2538 1422 per
2594 1336 2843 1402 somnia
2887 1336 3026 1400 visa

406 1434 787 1498 medicinam
815 1434 1166 1519 praebebat
1185 1432 1478 1516 clareque
1499 1434 1705 1519 ipsam
1734 1456 1880 1500 cum
1911 1434 2207 1499 remediis
2239 1456 2306 1499 se
2335 1435 2643 1499 offerebat
2667 1435 2940 1499 infirmis
2956 1432 3024 1520 ¹).

407 1530 893 1598 lucubationem
960 1532 1040 1595 iis
1104 1531 1477 1616 regionibus
1496 1530 1547 1618 2)
1614 1533 1922 1597 usitatam
1981 1532 2183 1597 fuisse
2249 1535 2527 1597 testatur
2588 1531 2820 1596 Strabo
2830 1584 2847 1616 ‚
2913 1532 3024 1615 qui

405 1628 596 1695 XVII
647 1632 704 1716 1,
737 1632 814 1695 17
866 1653 926 1715 p.
971 1629 1098 1693 801
1170 1629 1246 1693 de
1311 1629 1469 1693 urbe
1532 1628 1791 1715 Canopo
1853 1632 1978 1695 hoc
2035 1631 2307 1714 profert:
2373 1632 2700 1713 Κάνωβος
2758 1628 2821 1695 δ’
2886 1627 3024 1694 ἐστὶ

407 1730 600 1805 πόλις
637 1779 650 1793 .
690 1777 705 1792 .
744 1778 760 1792 .
798 1730 1040 1812 ἔχουσα
1077 1728 1151 1792 τὸ
1198 1736 1320 1791 τοῦ
1368 1728 1757 1813 Σαράπιδος
1805 1730 1990 1815 ἱερὸν
2032 1734 2245 1815 πολλῇ
2301 1728 2599 1815 ἁγιστείᾳ
2652 1729 3026 1813 τιμώμενον

405 1823 517 1890 καὶ
553 1828 915 1912 θεραπείας
943 1824 1249 1912 ἐκφέρον,
1286 1825 1454 1889 ὥστε
1481 1822 1590 1889 καὶ
1618 1829 1776 1903 τοὺς
1804 1826 2368 1911 ἐλλογιμωτάτους
2405 1827 2656 1913 ἄνδρας
2685 1826 3025 1891 πιστεύειν

404 1921 512 1987 καὶ
571 1922 1098 2008 ἐγκοιμᾶσθαι
1158 1922 1401 1998 αὐτοὺς
1453 1918 1622 2008 ὑπὲρ
1680 1920 1937 1990 ἑαυτῶν
1988 1924 2029 2008 ἢ
2088 1923 2368 2011 ἑτέρους.
2426 1924 2893 2010 συγγράφουσι
2950 1923 3031 1989 δέ

402 2044 578 2096 τινες
622 2019 732 2086 καὶ
777 2023 894 2098 τὰς
938 2024 1315 2107 θεραπείας.
1404 2018 1780 2086 Notandum
1827 2023 2042 2087 vicum
2078 2020 2410 2087 Menuthjs
2448 2010 2649 2106 prope
2689 2019 3021 2107 Canopum

406 2117 603 2181 situm
648 2118 865 2183 fuisse.
957 2117 1343 2204 Accepimus
1391 2118 1604 2202 ipsum
1652 2119 2062 2185 daemonium
2109 2141 2148 2182 a
2193 2120 2431 2184 sanctis
2479 2119 2817 2204 depulsum
2864 2121 3023 2185 vati-

407 2216 691 2280 cinatum
739 2238 877 2282 esse
925 2220 1116 2300 atque
1161 2217 1442 2281 remedia
1487 2218 1889 2302 praecepisse
1935 2239 2052 2282 nec
2108 2238 2240 2282 non
2297 2217 2671 2302 apparuisse
2719 2217 3021 2302 supplici-

402 2314 540 2378 bus.
634 2314 821 2391 Quod
883 2338 1000 2400 per
1064 2337 1359 2379 somnum
1425 2314 1667 2379 factum
1743 2337 1882 2379 esse
1947 2337 2116 2379 nunc
2190 2314 2449 2398 quidem
2514 2314 3021 2379 concludendum

404 2416 573 2476 esset
619 2413 829 2496 nobis,
877 2413 933 2476 si
979 2412 1107 2475 alia
1141 2412 1516 2477 testimonia
1554 2412 1913 2476 deficerent.
1991 2411 2115 2476 Sed
2151 2412 2276 2475 hoc
2315 2432 2569 2494 quoque
2608 2412 2768 2495 ipsis
2816 2411 3020 2476 oculis

404 2531 631 2594 capere
659 2515 863 2594 potes,
891 2511 947 2574 si
982 2509 1284 2594 inspicias
1313 2508 1538 2593 Cyrilli
1572 2510 1929 2574 orationem
1958 2509 2026 2572 in
2055 2509 2198 2593 ipso
2226 2513 2586 2593 martyrum
2625 2508 2802 2573 cultu
2834 2509 3019 2573 insti-

406 2607 646 2673 tuendo
676 2608 965 2673 habitam
997 2605 1133 2695 (Sp.
1150 2607 1224 2672 R.
1241 2605 1338 2673 IV
1358 2606 1549 2695 252):
1585 2606 1926 2692 ἡκέτωσαν
1961 2611 2194 2673 τοίνυν
2232 2608 2303 2672 οἱ
2332 2607 2534 2673 πάλαι
2572 2609 3018 2693 πλανώμενοι·

404 2705 830 2794 ἐρχέσθωσαν
876 2708 971 2783 εἰς
1007 2705 1340 2789 ἀληθινὸν
1374 2704 1482 2770 καὶ
1530 2705 1989 2789 ἄκαπήλευτον
2037 2707 2354 2791 ἰατρεῖον
2411 2704 2633 2782 οὐδεὶς
2686 2707 2812 2791 γὰρ
2860 2705 3021 2790 ἡμῖν

401 2804 771 2891 ὀνείρατα
824 2805 1250 2869 πλάττεται
1304 2807 1440 2868 κτλ.
1531 2801 1886 2868 Incubandi
1943 2803 2146 2889 igitur
2201 2825 2417 2886 usum,
2474 2802 2657 2867 cuius
2713 2803 2891 2886 quod
2939 2803 3021 2867 ad

402 2903 735 2968 ecclesiam
784 2902 1202 2967 christianam
1250 2902 1530 2986 pertinet
1567 2900 2017 2986 copiosissima
2051 2900 2426 2966 testimonia
2466 2899 2618 2984 Cyri
2655 2904 2719 2965 et
2756 2898 3018 2965 Ioannis

399 3002 588 3066 nobis
635 3001 946 3086 praebent
1001 2999 1340 3084 miracula,
1392 2999 1587 3063 iidem
1641 3003 1958 3083 martyres
2016 3000 2096 3063 ab
2153 2997 2324 3063 Iside
2369 2997 2770 3084 Aegyptiaca
2826 3020 3019 3083 quam

588 3236 639 3303 1)
678 3230 906 3287 Diodor.
933 3231 961 3284 I
990 3237 1075 3298 25,
1107 3235 1153 3285 3.
1185 3235 1234 3283 ὅ.
1298 3229 1471 3283 Plura
1509 3230 1663 3299 apud
1698 3228 2028 3283 Drexlerum
2065 3228 2125 3282 in
2160 3228 2430 3283 Roscheri
2475 3227 2657 3283 lexico
2706 3229 3013 3299 mytholog.

401 3311 452 3363 H
484 3317 511 3365 1
542 3330 594 3380 p.
628 3317 730 3364 522
748 3328 866 3380 sqq.
900 3329 941 3365 s.
972 3329 1023 3364 v.
1053 3310 1173 3363 Isis.
1213 3342 1281 3351 —
1319 3310 1402 3363 De
1438 3309 1685 3364 remedio
1714 3309 1960 3378 quodam
1989 3325 2057 3363 ex
2083 3308 2396 3378 Hephaesti
2423 3309 2636 3377 templo
2664 3309 3016 3378 Aegyptiaco

403 3391 690 3460 exscripto
730 3391 871 3445 dicit
908 3390 1154 3444 Galenus
1193 3389 1274 3443 De
1313 3388 1717 3459 compositione
1752 3389 2293 3444 medicamentorum
2327 3405 2427 3458 per
2462 3405 2670 3458 genera
2696 3388 2748 3442 V
2768 3394 2798 3441 2
2828 3391 2867 3441 t.
2889 3389 3018 3442 XIII

405 3490 459 3541 p.
497 3475 598 3524 776
637 3471 853 3523 Kuehn.
922 3470 1045 3534 Qua
1082 3486 1150 3523 ex
1188 3485 1247 3523 re
1284 3468 1619 3523 Meibomius
1649 3470 1752 3539 (De
1779 3468 2143 3523 incubatione
2171 3469 2231 3522 in
2268 3468 2417 3522 fanis
2447 3469 2677 3522 deorum
2704 3467 3017 3521 medicinae

405 3567 578 3604 causa
617 3550 753 3604 olim
780 3549 936 3604 facta
975 3549 1059 3620 [in
1096 3548 1557 3602 dissertationum
1591 3549 1867 3603 rariorum
1896 3550 1966 3604 de
2003 3548 2442 3617 antiquitatibus
2481 3549 2653 3602 sacris
2682 3549 2740 3601 et
2765 3547 3015 3616 profanis

402 3630 688 3699 fasciculo,
718 3647 885 3699 quem
914 3628 1196 3683 recensuit
1221 3627 1461 3683 Iul.Car.
1483 3629 1786 3699 Schlaeger
1811 3629 2221 3683 Helmaestadii
2252 3634 2388 3681 1742
2419 3647 2471 3697 p.
2506 3629 2809 3698 123-152]
2849 3644 2893 3680 c.
2925 3632 3014 3697 25)

406 3710 682 3765 conclusit
708 3710 770 3764 in
796 3709 1109 3780 Hephaesti
1134 3725 1357 3778 quoque
1393 3708 1604 3778 templo
1642 3708 1951 3763 incubandi
1987 3726 2150 3763 usum
2186 3708 2485 3763 exstitisse.
2537 3708 2751 3762 Tamen
2779 3707 3016 3760 Kinder-

400 3790 609 3861 lingius
664 3791 777 3844 Der
836 3789 1378 3844 Somnambulismus
1425 3805 1654 3843 unserer
1704 3789 1829 3843 Zeit
1873 3792 1976 3848 etc.
2028 3808 2081 3859 p.
2125 3796 2190 3844 16
2237 3787 2547 3844 remedium
2591 3786 2736 3840 illud
2781 3804 2894 3841 non
2941 3788 3015 3840 ad

401 3870 803 3940 Hephaestum,
842 3870 941 3924 sed
979 3870 1054 3924 ad
1090 3869 1296 3925 Isidem
1333 3869 1614 3939 pertinere
1650 3872 1834 3939 putat,
1872 3870 2007 3939 quia
2043 3870 2103 3923 in
2147 3868 2457 3939 Hephaesti
2496 3868 2566 3921 de
2612 3885 2724 3936 quo
2771 3867 3013 3921 diximus

406 3967 565 4005 sacro
602 3949 769 4004 Isidis
808 3952 931 4004 erat
967 3948 1134 4020 σηκός
1171 3949 1418 4020 (Diodor.
1448 3950 1476 4003 I
1505 3956 1589 4018 22,
1620 3956 1651 4003 2
1691 3947 1874 4021 [μέχρι
1909 3958 2008 4004 τοῦ
2046 3952 2214 4021 vind).
2272 3949 2605 4004 Coniectura
2642 3964 2753 4002 non
2789 3949 3014 4002 tantum

399 4029 731 4099 probabilis,
770 4030 869 4083 sed
906 4030 1081 4084 etiam
1118 4029 1433 4084 certissima
1468 4029 1768 4098 videbitur,
1808 4047 1936 4084 cum
1980 4030 2132 4099 quod
2168 4025 2624 4099 Kinderlingium
2667 4027 2818 4098 fugit
2853 4029 3015 4082 addi-

402 4109 647 4163 derimus
686 4109 997 4163 remedium
1039 4110 1225 4180 ipsum
1273 4127 1309 4164 a
1351 4109 1564 4165 Galeno
1613 4109 1960 4179 descriptum
2001 4109 2357 4164 nominatum
2400 4108 2575 4162 fuisse
2612 4140 2681 4150 —-
2731 4108 2878 4162 ‘Isis’
2921 4110 3012 4180 (cf.

398 4208 451 4259 p.
485 4194 515 4242 7
521 4194 551 4242 7
555 4196 588 4244 4
626 4188 831 4258 capitis
867 4188 1141 4260 titulum)!

581 4272 635 4340 2)
671 4269 755 4323 De
810 4268 1173 4325 incubatione
1227 4270 1287 4324 in
1342 4271 1603 4340 Aegypto
1658 4269 1922 4325 adhibita
1985 4268 2241 4324 conferas
2295 4267 2531 4323 Diodori
2584 4268 2772 4324 locum
2827 4270 3012 4324 adhuc

400 4350 723 4423 neglectum
758 4350 784 4403 I
813 4354 898 4417 53,
928 4354 987 4404 8:
1036 4350 1175 4406 ἔνιοι
1231 4348 1294 4404 δὲ
1350 4348 1603 4421 λέγουσιν
1658 4350 1832 4404 αὐτὸν
1877 4349 2179 4420 (Sesoosin)
2234 4348 2343 4403 ὑπὸ
2389 4357 2488 4419 τῆς
2533 4347 2683 4413 ἰδίας
2726 4348 3012 4420 θυγατρὸς

392 4428 683 4500 Ἀθύρτιος
726 4433 1166 4501 παρακληθῆναι
1210 4430 1353 4499 πρὸς
1396 4431 1499 4500 τὴν
1543 4439 1654 4485 τῶν
1693 4428 1836 4485 ὅλων
1872 4427 2226 4499 δυναστείαν,
2262 4427 2334 4498 ἣν
2372 4428 2427 4483 οἱ
2463 4427 2566 4498 μὲν
2610 4426 2825 4484 συνέσει
2869 4430 3010 4481 πολὺ

399 4520 510 4565 τῶν
547 4510 727 4566 ἄλλων
763 4508 1148 4580 διαφέρουσάν
1185 4528 1325 4580 φασι
1361 4511 1592 4576 διδάξαι
1626 4510 1727 4565 τὸν
1764 4508 1980 4580 πατέρα
2016 4507 2225 4585 ῥᾳδίως
2261 4507 2383 4582 [ἂν]
2423 4507 2691 4578 ἐσομένην
2718 4508 2819 4576 τὴν
2846 4525 3025 4575 στρα-Ι

401 4587 577 4659 τείαν,
612 4591 667 4646 οἱ
704 4589 767 4646 δὲ
806 4600 1044 4663 μαντικῇ
1080 4588 1368 4662 χρωμένην
1405 4593 1502 4646 καὶ
1550 4591 1614 4645 τὸ
1661 4588 1858 4660 μέλλον
1905 4592 2132 4646 ἔσεσθαι
2176 4590 2671 4661 προγινώσκουσαν
2717 4587 2776 4641 ἔκ
2820 4605 2879 4640 τε
2915 4595 3012 4659 τῆς

399 4673 635 4741 θυτικῆς
670 4674 764 4728 καὶ
802 4680 919 4742 τῆς
954 4670 1406 4742 ἐγκοιμήσεως
1439 4680 1554 4743 τῆς
1592 4672 1661 4726 ἐν
1696 4680 1843 4734 τοῖς
1879 4671 2108 4741 ἱεροῖς.

507 4769 791 4827 Deubner‚
822 4772 878 4812 do
904 4771 1209 4813 incubatione.
2550 4762 2579 4810 7
