3611 5264
431 363 479 425 2,
502 362 657 423 3--3‚
678 362 744 409 12
1325 354 1604 408 Laudatio
1643 354 2016 424 Theraponbis
2753 419 2758 427 ,
2911 356 3033 420 121

428 532 601 605 πρᾶς
676 517 786 584 καὶ
864 517 1102 601 γένους
1176 518 1665 602 ἐπιμνησθῆναι
1739 528 2004 604 πρῶτον
2085 517 2465 605 ἀνατροφῆς
2531 543 2602 584 τε
2671 518 2862 596 θείας
2929 519 3037 584 καὶ

430 615 730 700 πράξεων
907 615 1018 681 καὶ
1088 626 1224 681 τῶν
1268 614 1551 700 καθεξῆς
1610 616 2163 700 ἐπιτηδευμάτων,
2233 609 2329 681 ὧν
2389 612 2642 694 ἐκεῖνος
2695 619 2784 694 ὡς
2845 619 3045 693 ἄλλος

434 712 655 792 οὐδεὶς
698 715 863 780 κατὰ
908 715 1026 779 τὸν
1072 717 1226 798 βίον
1272 713 1587 797 ἐτέλεσεν,
1748 709 1956 798 μηδὲν
2014 713 2248 799 ἀρετῆς
2302 710 2479 791 εἶδος
2523 714 3086 802 ὑπολειπόμενοςῡ

442 814 799 896 ἄπρακτον·
973 812 1147 877 οὕτω
1203 814 1329 899 γὰρ
1386 813 1471 878 ἂν
1527 811 2048 897 προκαταβαλὼν
2102 821 2194 899 τῷ
2249 815 2422 900 λόγῳ
2480 812 2798 897 θεμέλιον
2966 817 3041 881 τὸ

436 920 570 975 τῶν
626 911 992 994 θαυμάτων
1050 910 1231 996 ἱερὸν
1292 910 1680 998 ᾠκοδόμησα
1734 908 2019 993 τέμενος.
2201 907 2338 974 ἐπεὶ
2395 905 2470 974 δὲ
2524 910 2683 995 ἡμῖν
2738 912 2819 977 οὐ
2875 913 3042 998 πρὸς

441 1006 737 1083 ἐκείνους
782 1007 817 1072 6
865 1010 1080 1092 λόγος,
1127 1008 1245 1084 οὓς
1290 1006 1483 1092 τέχνη
1529 1004 1639 1072 καὶ
1687 1007 1988 1092 ρητόρων
2034 1005 2233 1092 ἀκμαὶ
2271 1009 2784 1093 θεραπεύουσιν,
2877 1009 3044 1075 ἀλλὰ

434 1105 600 1190 πρὸς
646 1106 897 1188 ἄνδρας
942 1104 1164 1182 ἀπλῶς
1208 1104 1791 1189 πολιτευομένους,
1849 1096 1945 1169 ὧν
1999 1104 2039 1187 ἡ
2096 1104 2259 1188 ἀκοὴ
2313 1106 2436 1189 τὴν
2491 1106 2771 1189 ἄτεχνον
2829 1110 3043 1192 μόνην

435 1211 555 1267 τοῦ
605 1205 808 1284 λόγου
857 1203 1293 1268 διδασκαλίαν
1337 1200 1743 1288 ἀπεριέργως
1788 1200 2140 1286 ἐκδέχεται,
2293 1203 2455 1290 φέρε
2501 1204 2580 1269 τὰ
2626 1206 2873 1269 παλαιὰ
2917 1213 3038 1270 τοῦ
3059 1231 3112 1269 10

432 1300 678 1386 ἀνδρὸς
720 1300 1110 1387 ὑπερβῶμεν
1157 1304 1599 1386 γνωρίσματα.
1725 1300 1984 1365 τούτων
2028 1301 2155 1387 γάρ
2191 1298 2302 1366 καὶ
2349 1302 2537 1387 ὑμεῖς
2575 1301 2647 1367 ἐν
2682 1312 2762 1389 τῇ
2800 1304 3040 1390 καρδίᾳ

434 1399 557 1482 τὴν
602 1399 866 1483 μνήμην
908 1396 1478 1484 προκαταθέμενοι
1630 1397 2216 1482 ἐποικοδομεῖσθαι
2266 1402 2506 1482 ζητεῖτε
2551 1400 2674 1483 τὴν
2720 1400 3044 1467 ἐνταυθοῖ

430 1506 565 1560 τῶν
610 1497 976 1581 θαυμάτων
1021 1494 1519 1582 χορηγουμένην
1567 1494 1901 1580 ἐπίδειξιν,
2080 1497 2165 1580 ἣν
2222 1496 2257 1561 6
2302 1496 2555 1583 μάρτυς
2609 1495 2829 1575 αὔξων
2885 1498 3038 1581 ὁση-

426 1592 619 1680 μέραι
665 1595 881 1678 ψυχὰς
926 1599 1346 1680 τελετουργεῖ
1385 1591 1494 1658 καὶ
1539 1594 1705 1679 πρὸς
1751 1593 2103 1680 ἀρτιότητα
2255 1594 2443 1680 φέρει
2490 1596 2571 1660 τὰ
2618 1596 2904 1680 σώματα,

427 1692 595 1757 ὥστε
640 1692 935 1777 φθάνειν
980 1691 1090 1758 καὶ
1138 1690 1223 1756 δι’
1280 1692 1487 1757 αὐτοῦ
1533 1694 1690 1768 τοὺς
1733 1694 2169 1769 πιστεύοντας
2340 1692 2458 1769 ἐἰς
2504 1694 2720 1779 ἄνδρα
2765 1692 3037 1777 τέλειον,
3058 1718 3110 1758 15

431 1792 525 1866 εἰς
570 1789 813 1876 μέτρον
859 1789 1116 1874 ἡλικίας
1162 1799 1281 1855 τοῦ
1327 1791 1759 1876 πληρώματος
1803 1799 1924 1856 τοῦ
1973 1791 2310 1876 Χριστοῦ’.

610 1887 777 1953 ἀλλὰ
823 1892 893 1953 τί
932 1888 1159 1972 πάσχω
1209 1889 1373 1975 πρὸς
1420 1887 1727 1973 ἀφωνίαν
1775 1887 1870 1952 ἐπ’
1918 1890 2193 1974 ἄπειρον
2231 1888 2494 1972 ἐπάγων
2531 1891 2650 1955 τὸν
2689 1894 3092 1975 λογισμόν;3

435 1983 753 2062 πολλάκις
780 1989 907 2073 γὰρ
938 1985 1044 2052 ἐπὶ
1073 1990 1153 2052 τὰ
1180 1990 1407 2073 πρόσω
1436 1998 1672 2071 χωρῶν
1714 1985 1826 2052 καὶ
1872 1996 2006 2051 τῶν
2051 1985 2417 2071 θαυμάτων
2473 1988 2693 2073 εὑρεῖν
2741 1987 3041 2074 ἀπαρχὴν

437 2082 733 2165 ἐρευνῶν
795 2086 889 2161 εἰς
951 2086 1031 2150 τὰ
1105 2084 1343 2170 ἀρχαῖα
1400 2086 1605 2149 πάλιν
1675 2088 2077 2169 καθίσταμαι
2257 2084 2367 2150 καὶ
2437 2086 2560 2151 οὐκ
2632 2089 2756 2171 ἔχω
2825 2089 3041 2151 πόθεν

428 2179 873 2266 ἀπάρξασθαι,
989 2192 1079 2272 τῷ
1127 2186 1370 2267 πλήθει
1417 2194 1552 2247 τῶν
1597 2182 1852 2269 ἀρετῶν
1897 2192 2015 2249 τοῦ
2063 2183 2309 2269 ἀνδρὸς
2354 2188 2818 2269 συγχεόμενος·

431 2280 637 2343 ἔνθεν
687 2277 860 2345 ἕλκει
921 2281 1040 2345 τὸν
1097 2290 1267 2346 νοῦν
1324 2282 1405 2346 τὰ
1463 2283 1667 2367 νεαρὰ
1725 2282 2230 2367 κατορθώματα,
2412 2282 2672 2347 ἐκεῖθεν
2732 2282 3039 2348 ἀνθέλκει
3058 2303 3084 2344 5

434 2375 638 2440 πάλιν
685 2376 754 2442 ἐκ
799 2387 916 2461 τῆς
962 2376 1127 2466 ἑῴας
1172 2378 1237 2456 ἐξ
1283 2374 1361 2461 ’ἧς
1404 2376 1513 2442 καὶ
1560 2377 1913 2462 γεγέννητο
2038 2380 2119 2443 τὰ
2164 2380 2409 2443 παλαιὰ
2454 2381 2930 2465 προτερήματα,

441 2471 581 2557 [καὶ
641 2471 798 2539 οὐδὲ
853 2474 1238 2562 βουλομένῳ
1293 2488 1675 2561 παραχωρεῖ
1732 2474 2122 2560 παρελθεῖν]
2180 2471 2338 2540 οὐδὲ
2396 2478 2522 2562 γὰρ
2588 2475 2946 2561 ἀγέραστος
2999 2479 3039 2562 ἡ

439 2570 800 2653 ἐνεγκοῦσα
845 2573 963 2637 τὸν
1010 2572 1521 2658 εὐφημούμενον
1617 2571 1844 2658 μένειν
1898 2570 2214 2656 ἀνέχεται.
2323 2574 2527 2661 ταύτῃ
2584 2575 2664 2658 δὴ
2712 2573 2820 2641 καὶ
2867 2580 3041 2642 νενί-

437 2693 639 2753 κημαι
773 2670 1142 2735 κάντεῦθεν
1188 2668 1376 2758 ῷμην
1420 2669 1872 2757 κατάρξασθαι
2023 2668 2133 2736 καὶ
2181 2669 2387 2736 οἱονεὶ
2442 2674 2826 2759 πρόδρομον
2874 2673 3040 2762 ἑῷόν

435 2790 585 2830 τινα
631 2775 722 2854 τῷ
770 2770 944 2854 λόγῷ
991 2770 1678 2853 προκαταστήσασθαι.
1860 2767 2082 2852 ἐπειδὴ
2138 2770 2265 2854 γὰρ
2327 2769 2505 2856 αὐτῷ
2550 2775 2764 2848 καλῶς
2811 2770 2846 2835 6
2891 2775 3039 2855 βίος
3060 2794 3111 2832 10

435 2863 640 2928 ἐκεῖσε
688 2866 1005 2948 διήνυστο
1148 2863 1257 2930 καὶ
1305 2865 1345 2948 ἡ
1392 2868 1684 2949 μονήρης
1720 2865 2034 2950 ἀσκητικὴ
2070 2869 2440 2952 παλαίστρα
2478 2878 2733 2950 σεμνῶς
2781 2870 3038 2954 ἱερούρ-

426 2985 589 3045 γητο
725 2963 842 3039 τὰς
885 2962 1201 3049 ἠρεμαίας
1245 2963 1453 3039 αὐλὰς
1497 2962 1606 3029 καὶ
1657 2968 1801 3050 Θεῷ
1850 2963 2235 3046 ἐγγιζούσας
2281 2965 2616 3048 διώκοντι,
2756 2977 2897 3044 τοῖς
2943 2965 3032 3031 δι’

422 3183 531 3249 καὶ
579 3185 650 3249 οί
688 3181 812 3269 μὲν
855 3183 997 3250 κατ’
1051 3184 1307 3251 ἐκεῖνον
1350 3187 1470 3252 τὸν
1514 3189 1764 3274 χρόνον
1810 3188 1995 3262 ὄντες
2040 3186 2164 3252 οὐκ
2209 3182 2334 3252 οἷδ’
2390 3187 2568 3265 ὅπως
2616 3191 2793 3274 λήθη
2838 3187 3034 3274 παρέ·
3057 3209 3098 3248 Ε
3117 3210 3249 3250 3—12

425 3283 682 3365 δραμον
727 3283 807 3347 τὰ
844 3280 986 3348 κατ’
1034 3283 1259 3365 αὐτόν,
1296 3282 1406 3349 καὶ
1444 3283 1667 3361 οὐδεὶς
1705 3285 2189 3369 συνεγράψατο,
2224 3289 2441 3350 πόθεν
2476 3285 2517 3370 ἢ
2554 3295 2686 3350 ποῦ
2724 3284 3035 3370 γεγέννη-

423 3401 530 3442 ται
576 3377 617 3461 ἢ
661 3381 876 3444 ποίων
921 3382 1050 3463 ἔφυ
1095 3379 1350 3462 γονέων
1394 3381 1436 3464 ἢ
1472 3392 1612 3458 πῶς
1654 3382 1724 3447 ἐκ
1758 3383 1998 3458 παιδὸς
2034 3382 2277 3466 ἀνῆκτο
2315 3383 2357 3466 ἢ
2393 3393 2534 3460 πῶς
2570 3382 3033 3469 διαπέπρακτο.
3054 3413 3080 3453 5

426 3478 637 3560 μόνον
682 3472 756 3541 δὲ
802 3475 866 3553 ἐξ
913 3475 1112 3560 ἀκοῆς
1154 3481 1654 3563 παρειλήφαμεν
1712 3478 1823 3545 καὶ
1880 3480 1993 3544 διὰ
2046 3488 2161 3563 τῆς
2214 3492 2350 3552 τῶν
2402 3482 2769 3564 θαυμάτων
2824 3482 3033 3547 αὐτοῦ

427 3572 737 3658 ἐργασίας
779 3574 861 3638 τὰ
907 3572 1045 3638 κατ’
1101 3574 1307 3640 αὐτὸν
1352 3579 1650 3660 ἔγνωμεν
1697 3577 1929 3660 οὕτως,
1977 3577 2067 3653 ὡς
2112 3579 2184 3641 οἰ
2231 3580 2312 3643 τὰ
2364 3576 2507 3643 κατ’
2569 3577 2776 3643 αὐτὸν
2831 3578 3034 3661 ἐγνω-

423 3673 613 3747 κότες
662 3673 893 3755 φασίν·
933 3670 1005 3735 ἐκ
1039 3673 1371 3737 παιδόθεν
1406 3674 1525 3738 τὸν
1567 3678 1824 3760 μονήρη
1862 3676 2016 3758 βίον
2052 3674 2340 3759 ἀσκήσας
2396 3677 2640 3760 σεμνὸν
2702 3676 3032 3762 ίερούργει

424 3769 497 3833 τὸ
535 3767 939 3853 καλλιέρημα
986 3777 1078 3857 τῷ
1121 3774 1286 3858 Θεῷ,
1331 3772 1447 3847 τὰς
1491 3771 1809 3857 ἠρεμαίας
1853 3772 2059 3848 αὐλὰς
2102 3771 2212 3837 καὶ
2263 3777 2406 3859 Θεῷ
2453 3773 2834 3857 ἐγγιζούσας
2880 3776 3033 3840 διώ-

423 3889 579 3930 κων.
625 3865 939 3931 κάκεῖθεν
986 3877 1343 3952 στομοῦται
1388 3864 1512 3952 μὲν
1557 3870 1631 3934 τὸ
1681 3879 1867 3953 σῶμα
1912 3871 2078 3954 πρὸς
2123 3871 2414 3955 δύναμιν
2459 3873 2769 3955 ἄρρητον,
2815 3874 3032 3949 θείοις
3052 3900 3104 3939 10

426 3960 500 4027 δὲ
563 3962 872 4047 τρέφεται
934 3966 1055 4049 τὴν
1117 3965 1338 4048 ψυχὴν
1401 3969 1851 4052 θεωρήμασιν.
1935 3967 2254 4032 ἐντεῦθεν
2316 3966 2426 4032 καὶ
2490 3976 2606 4050 τῆς
2666 3971 2857 4044 θείας
2920 3968 3031 4035 καὶ

426 4059 796 4145 ίεραρχικῆς
839 4072 1030 4146 τιμῆς
1067 4064 1178 4128 διά
1213 4064 1334 4129 τὸν
1379 4064 1693 4150 ἐνάρετον
1729 4064 1937 4130 αὐτοῦ
1975 4063 2083 4130 καὶ
2122 4067 2364 4130 ἔνθεον
2401 4059 2553 4149 βίον
2587 4064 3030 4151 καταξιοῦται,

600 4329 650 4390 2,
681 4328 712 4375 3
760 4322 1116 4392 ἀναστροφῆς
1152 4342 1287 4381 corr.
1328 4326 1742 4381 Radermacher
1790 4332 1799 4398 Ι
1847 4334 1879 4382 6
1918 4326 1990 4384 ἂν
2026 4327 2439 4383 Radermacher
2491 4323 2601 4399 ἄρα
2641 4330 2689 4385 Α
2745 4333 2754 4400 Ι
2812 4348 3023 4400 προκα-

420 4401 676 4473 ταλαβὼν
714 4402 761 4455 Α
807 4406 816 4473 Ι
870 4408 935 4455 13
974 4401 1251 4473 ὡσήμεραι
1277 4406 1327 4458 Α
1368 4408 1377 4476 Ι
1421 4411 1487 4460 15
1528 4405 1729 4476 Ephes.
1769 4414 1821 4475 4,
1853 4414 1919 4461 13
1965 4411 1984 4479 ΙΙ
2031 4415 2081 4476 3,
2118 4415 2153 4463 4
2190 4408 2556 4478 ἁρπάξασθαι
2592 4411 2642 4463 Α
2692 4413 2701 4481 Ι
2754 4415 2784 4462 7
2823 4410 2956 4465 inde
2995 4428 3030 4464 a

422 4500 469 4536 v.
507 4491 831 4553 παραχωρεῖ
873 4483 1094 4537 αοοοᾶὶίῑ
1128 4485 1504 4541 Messanensis
1537 4488 1545 4554 Ι
1578 4485 1682 4556 γὰρ
1722 4505 1829 4542 om.
1868 4489 1919 4541 A
1969 4490 1977 4560 Ι
2028 4494 2060 4542 8
2098 4487 2284 4559 μένειν
2321 4489 2578 4562 ἀνέχεται
2617 4493 2747 4545 ante
2782 4489 2883 4544 τὸν
2922 4490 2982 4544 M
3015 4490 3024 4564 Ι

424 4567 455 4615 9
496 4561 635 4630 ἐῶνν
671 4562 731 4615 Μ
763 4564 771 4631 Ι
806 4568 870 4616 11
911 4579 1123 4631 σεμνων
1150 4565 1210 4618 Μ
1240 4568 1249 4638 Ι
1282 4566 1618 4637 ἱερουργεῖτο
1647 4566 1698 4621 Α

635 4736 810 4786 8-10
846 4756 918 4780 ω
955 4737 1005 4800 3,
1036 4737 1243 4787 11-12
1277 4737 1285 4803 Ι
1320 4741 1526 4790 10-11
1567 4763 1635 4784 =
1674 4742 1723 4807 3,
1755 4740 1963 4792 13-15
