3611 5264
530 310 619 375 24

1684 309 1866 377 Caput
1897 307 1972 361 Π.

674 469 969 539 dispicitur
1005 469 1261 541 (fortasse
1299 469 1654 523 scribendum
1689 465 1870 541 πνρίῳ
1902 495 1969 514 =
1997 465 2206 540 πυρείῳ
2247 465 2667 521 ‘Raucherfass’
2709 465 2860 534 quod
2906 463 2966 517 in
3002 463 3150 517 LXX

674 551 896 620 exstat),
943 567 1055 604 non
1101 549 1340 618 amplius
1379 547 1795 617 disputaverim.
1871 548 2060 602 Verba
2106 546 2354 601 ἄσπασαι
2377 590 2388 602 .
2413 590 2423 601 .
2449 590 2458 600 .
2484 545 2809 617 ἀσπαστικςό
2857 543 3005 598 clare
3056 544 3151 597 de-

678 632 996 685 monstrant
1030 629 1174 683 illud
1209 630 1452 697 πύρινον
1488 628 1577 682 vel
1615 630 1766 697 quod
1801 645 1904 700 pro
1944 644 2009 682 eo
2046 627 2233 696 legere
2271 626 2378 680 tibi
2423 626 2583 680 lubet
2627 624 2757 679 ideo
2808 621 3152 679 ἀσπαστικόν

676 709 972 780 nominari,
1011 709 1147 778 quia
1183 709 1244 763 in
1281 708 1581 762 salutando
1620 709 1724 763 deo
1765 707 2094 763 adhibetur:
2133 706 2195 762 ἐν
2231 711 2306 778 τῷ
2345 705 2711 772 ἀσπάζεσθαι.
2785 705 3153 759 Revertamur

676 790 749 844 ad
785 790 972 844 locum
1008 792 1330 845 tractatum.
1404 787 1511 842 Hic
1558 805 1780 857 quoque
1824 789 1931 842 dea
1969 789 2353 857 exspectatur,
2394 786 2461 841 cf.
2495 791 2634 840 3253
2657 803 2763 853 sq.:
2820 787 2919 840 καὶ
2968 783 3152 854 φανή-

677 868 830 924 σεταί
867 886 955 924 σοι
989 870 1025 940 ἡ
1063 870 1202 932 θεὸς
1247 869 1344 923 καὶ
1389 866 1706 939 χρηματίζει
1753 869 1880 936 περὶ
1933 863 2011 923 ὧν
2058 864 2259 930 θέλεις.
2332 867 2531 935 Itaque
2585 865 2771 920 ἔλαιον
2808 864 3154 920 ἀσπαστικὸν

682 952 768 1003 est
805 949 1018 1019 oleum,
1057 949 1210 1017 quod
1247 948 1386 1003 deae
1426 947 1580 1001 illius
1628 947 1963 1002 salutandae
2010 963 2183 1000 causa
2230 946 2549 1001 adhibetur.
2626 945 2749 1011 Qua
2784 945 2845 998 in
2880 961 2940 999 re
2970 944 3154 999 oleum

679 1029 786 1083 hoc
824 1029 989 1085 modo
1029 1029 1410 1099 significatum
1448 1028 1519 1081 ab
1559 1026 1682 1081 oleo
1721 1025 2001 1081 communi
2038 1025 2345 1095 distulerit,
2382 1025 2528 1080 nihil
2565 1026 2640 1080 ad
2668 1042 2785 1080 rem
2820 1041 3005 1094 neque
3033 1024 3153 1080 erui

678 1111 882 1178 potest.
958 1108 1106 1163 Satis
1163 1108 1239 1162 sit
1292 1107 1479 1162 locum
1530 1108 1872 1161 emendasse.
1931 1139 2000 1146 —
2048 1106 2186 1160 Cum
2237 1106 2308 1160 de
2360 1105 2484 1159 oleo
2539 1109 2596 1160 et
2643 1121 2792 1174 aqua
2841 1104 3154 1160 coniunctis

680 1205 931 1259 agamus,
968 1189 1268 1243 adnectere
1305 1186 1491 1256 liceat,
1531 1187 1682 1254 quod
1718 1186 1877 1256 legas
1918 1186 2069 1255 apud
2103 1186 2284 1240 Wess.
2324 1186 2414 1240 Gr.
2453 1185 2557 1241 ZP.
2590 1191 2710 1254 101,
2740 1191 2881 1239 3210
2912 1203 3019 1253 sq.:
3058 1186 3153 1239 καὶ

678 1268 864 1340 λαβὼν
901 1267 1112 1339 φιάλην
1147 1268 1350 1338 λευκὴν
1386 1270 1597 1337 πλῆσον
1634 1265 1885 1330 ὕδατος
1932 1266 2028 1320 καὶ
2075 1262 2322 1320 ἐλαίου.
2398 1265 2505 1319 Vel
2542 1264 2717 1319 alium
2752 1265 2938 1320 locum
2975 1264 3152 1318 Wess.

681 1348 757 1403 ib.
788 1355 875 1417 26,
904 1354 1007 1402 223
1030 1365 1180 1417 sqq.:
1236 1348 1421 1419 λαβὼν
1459 1346 1629 1418 ἄγγος
1664 1350 1907 1418 χαλκοῦν
1943 1343 1978 1415 ἢ
2017 1343 2257 1414 λεκάνην
2293 1342 2329 1413 ἢ
2368 1344 2578 1415 φιάλην
2625 1344 2755 1400 οἵαν
2802 1347 2929 1416 [εαν
2966 1345 3153 1399 delen-

679 1429 836 1499 dum]
890 1428 1062 1499 βούλῃ
1109 1426 1243 1499 βάλε
1302 1425 1453 1495 ὕδωρ
1504 1430 1615 1480 κτλ.
1700 1426 1774 1480 ib.
1808 1432 1910 1480 227
1933 1442 2050 1493 sq.:
2109 1422 2355 1495 κατέχων
2402 1424 2493 1479 ἐπὶ
2547 1434 2666 1489 τοῖς
2719 1424 2917 1497 γόνασι
2963 1433 3157 1487 σκεῦος

680 1507 984 1578 ἐπιβαλὼν
1041 1506 1227 1563 ἔλαιον
1293 1504 1611 1576 ὀμφάκινον
1665 1509 1774 1560 κτλ.
1862 1505 2120 1559 Ceterum
2174 1505 2488 1558 notandum
2541 1507 2810 1573 quattuor
2862 1505 2969 1559 hoc
3031 1504 3154 1558 loco

679 1586 921 1641 discerni
958 1603 1141 1654 aquae
1188 1603 1423 1656 genera,
1472 1601 1707 1655 quorum
1752 1603 1927 1638 unum
1964 1584 2226 1653 quodque
2264 1583 2366 1637 alii
2413 1585 2643 1639 deorum
2679 1584 2873 1655 generi
2909 1583 3153 1639 offertur.

681 1666 912 1723 Adicias
970 1667 1213 1735 denique
1278 1666 1678 1721 miraculosam
1726 1664 2001 1719 Herodoti
2067 1665 2446 1719 narrationem
2512 1665 2582 1719 de
2631 1664 2945 1735 Polycratis
3006 1663 3156 1720 filiae

680 1746 921 1815 somnio,
971 1746 1073 1800 ubi
1116 1745 1351 1801 mirifice
1398 1744 1759 1815 coniungitur
1804 1744 2017 1799 lavatio
2065 1763 2192 1800 cum
2236 1744 2501 1799 unctione
2548 1745 2645 1814 (III
2675 1748 2824 1814 124):
2873 1744 3056 1799 ἐδόκει
3102 1744 3157 1799 οἱ

680 1827 780 1881 τὸν
815 1824 1029 1894 πατέρα
1059 1826 1120 1881 ἐν
1156 1831 1234 1898 τῷ
1273 1823 1396 1895 ἠέρι
1425 1823 1699 1894 μετέωρον
1728 1822 1893 1879 ἐόντα
1921 1827 2218 1880 λοῦσθαι
2245 1823 2348 1895 μὲν
2375 1826 2486 1880 ὑπὸ
2512 1833 2613 1880 τοῦ
2642 1822 2797 1893 Διός,
2833 1822 3156 1895 χρίεσθαι

681 1904 745 1960 δὲ
781 1907 892 1961 ὑπὸ
928 1914 1029 1961 τοῦ
1063 1905 1241 1975 ἡλίου.

543 2051 686 2116 Bib
700 2052 875 2116 ebat
911 2051 1356 2136 Trophonium
1393 2051 1803 2117 consulturus
1846 2074 1880 2114 e
1916 2051 2151 2117 Lethes
2190 2055 2256 2117 et
2292 2050 2745 2135 Mnemosyncs
2783 2052 3073 2116 fontibus
3087 2049 3156 2139 1).

681 2190 764 2243 De
820 2188 1022 2244 Lethes
1081 2208 1146 2244 ac
1201 2191 1590 2260 Mnemosynes
1646 2189 1897 2244 fontibus
1949 2190 2047 2259 qui
2105 2193 2236 2244 sunt
2280 2189 2342 2244 in
2394 2207 2521 2246 orco
2568 2208 2616 2243 v.
2665 2189 2863 2244 Rohde
2907 2191 3161 2260 Psyche²

681 2269 733 2322 Π
760 2275 884 2337 390,
903 2276 949 2324 1.
972 2302 1038 2311 -
1061 2271 1228 2340 Apud
1265 2270 1537 2325 nonnulla
1586 2270 1814 2325 oracula
1853 2271 2172 2324 sacerdotes
2210 2287 2418 2338 aquam
2453 2270 2754 2325 bibebant:
2795 2269 2864 2324 cf.
2894 2270 3158 2328 Philostr.

679 2349 745 2403 V.
776 2349 959 2419 Apoll.
991 2350 1043 2403 II
1071 2356 1138 2403 37
1154 2375 1167 2405 ε
1205 2350 1381 2404 πολλὰ
1411 2349 1473 2405 δὲ
1502 2351 1599 2405 καὶ
1628 2359 1862 2420 μαντεῖα
1898 2349 2107 2422 λέγοιμ’
2153 2347 2228 2405 ἂν
2256 2350 2527 2418 εὖδόκιμα
2552 2346 2688 2417 παρ’
2719 2346 2946 2418 ’Έλλησί
2973 2369 3033 2404 τε
3062 2352 3160 2405 καὶ

683 2427 1015 2500 βαρβάροις,
1064 2430 1126 2486 ἐν
1175 2427 1260 2494 οἶς
1306 2431 1336 2485 ὁ
1400 2430 1579 2499 ἱερεὺς
1632 2433 1751 2501 (⁷,ut
1804 2431 2056 2485 sacerdos
2109 2430 2392 2499 Apollinis
2450 2430 2663 2484 Clarii“
2737 2429 2865 2482 adn.
2923 2429 3161 2501 Kayser)

681 2506 918 2572 ὕδατος.
943 2553 954 2565 .
979 2553 990 2565 .
1013 2509 1230 2574 σπάσας
1276 2509 1701 2582 ἀποφθέγγεται
1747 2509 1818 2564 τὰ
1867 2510 1927 2563 ἐκ
1973 2517 2071 2564 τοῦ
2117 2506 2395 2577 τρίποδος.
2471 2509 2544 2563 Μ.
2583 2509 2762 2563 Varro
2809 2509 3050 2563 tradidit
3099 2510 3160 2565 in

684 2587 884 2644 Cilicia
937 2591 1087 2660 apud
1135 2590 1405 2661 oppidum
1453 2590 1683 2647 Cescum
1730 2589 1919 2661 (lectio
1958 2589 2195 2661 incerta)
2231 2588 2412 2644 rivum
2447 2590 2616 2645 fluere
2654 2588 2878 2645 nomine
2919 2589 3159 2661 ‘Nuus’,
3249 2580 3256 2584 ’

684 2687 784 2737 „eae
820 2687 925 2741 qno
964 2672 1262 2728 bibentium
1297 2673 1606 2729 subtiliores
1642 2689 1832 2728 sensns
1866 2673 2052 2741 fieri“,
2091 2670 2234 2726 Plin.
2273 2670 2343 2725 N.
2372 2671 2426 2725 h.
2457 2670 2637 2724 XXXI
2664 2677 2716 2738 2,
2748 2676 2829 2724 12.

543 2814 764 2880 Nudo
838 2837 1157 2901 corpore
1232 2816 1552 2901 supplices
1617 2818 1687 2881 in
1756 2816 2115 2902 Trophonii
2192 2820 2448 2881 antrum
2523 2816 2900 2882 descendere
2972 2818 3159 2882 nobis

546 2912 746 2976 tradit
792 2911 988 2978 schol.
1035 2913 1116 2977 ad
1161 2911 1271 2977 Ar.
1317 2913 1488 2979 Nub.
1518 2911 1648 2977 508
1677 2911 1710 2977 I
1733 2911 1800 3000 ²).

685 3052 767 3106 De
823 3051 1083 3107 nuditate
1146 3053 1296 3122 apud
1358 3053 1563 3108 multos
1624 3054 1861 3123 populos
1924 3054 2037 3107 ritu
2095 3052 2404 3107 constituta
2452 3071 2498 3107 v,
2548 3052 2853 3107 Weinhold
2903 3054 3011 3107 Zur
3057 3053 3161 3109 Ge-

686 3130 937 3185 schichte
976 3132 1072 3185 des
1119 3131 1487 3186 heidnischen
1532 3132 1696 3187 Ritus
1717 3176 1730 3199 ,
1779 3132 1924 3187 Abh.
1967 3133 2019 3188 d.
2059 3133 2203 3188 Berl.
2243 3132 2348 3188 Ak.
2390 3133 2442 3187 d.
2478 3132 2645 3188 Wiss.
2689 3139 2827 3189 1896
2864 3134 3157 3204 phu-hist.

682 3211 772 3265 Κ1.
806 3216 996 3265 1-50,
1064 3210 1134 3267 cf.
1171 3231 1224 3281 p.
1245 3218 1316 3278 ⁴6:
1367 3213 1545 3280 „Hier
1597 3214 1848 3282 kniipfen
1890 3214 2005 3268 sich
2057 3215 2200 3269 auch
2255 3215 2343 3268 die
2384 3215 2670 3268 deutschen
2722 3215 3163 3270 volkstiimliehen

682 3291 938 3345 Brc'iuehe
974 3307 1077 3357 an,
1114 3292 1202 3346 die
1247 3293 1358 3359 auf
1394 3294 1552 3346 einen
1597 3293 1923 3347 Einbliek
1966 3294 2043 3348 in
2091 3295 2200 3348 die
2235 3294 2539 3360 Zwknnft
2582 3311 2635 3347 ιι.
2686 3293 2775 3348 die
2819 3296 3161 3351 Erkenntnis

682 3371 1142 3439 yeheimnisvoller
1168 3373 1623 3443 Erseheinwnyen
1648 3373 1838 3439 zielen,
1864 3374 1985 3426 wnd
2013 3373 2098 3427 bei
2125 3372 2299 3427 denen
2325 3374 2415 3427 die
2440 3374 2509 3427 N
2513 3374 2774 3428 ackthei
2781 3381 2805 3428 t
2831 3374 3161 3447 Forderumy

684 3452 808 3504 ἐστέ*
883 3449 1160 3505 SeHorum
1214 3468 1437 3520 quoque
1489 3450 1881 3522 ἀνυποδησίαν
1930 3451 2083 3505 illius
2137 3451 2279 3507 ritus
2330 3451 2630 3522 vestigium
2679 3452 2947 3522 praebere
2996 3457 3162 3523 putat

688 3529 1008 3584 Duemmler
1043 3530 1243 3587 Philol.
1289 3537 1424 3586 1897
1461 3551 1515 3602 p.
1546 3538 1595 3586 6.
1671 3532 1754 3586 De
1799 3531 1966 3586 nudis
2016 3531 2233 3601 pueris,
2285 3531 2383 3601 qui
2428 3535 2654 3586 taurum
2692 3532 2750 3585 in
2788 3535 3010 3587 antrum
3045 3534 3161 3604 Ny-

689 3626 882 3663 saeum
945 3609 1230 3666 ducebant
1295 3630 1345 3666 v.
1395 3628 1564 3681 supra
1621 3631 1674 3682 p.
1716 3619 1799 3667 21.
1896 3612 2193 3679 Sacerdos,
2249 3628 2394 3681 quae
2460 3611 2520 3666 in
2589 3612 2869 3682 ApoHinis
2935 3629 3161 3669 nemore

685 3689 944 3759 Epirensi
982 3689 1346 3745 dracontibus
1385 3709 1569 3746 escam
1595 3692 1923 3763 praebebat,
1963 3694 2086 3747 erat
2121 3691 2300 3761 γυμνὴ
2338 3690 2628 3760 παρθένος
2643 3736 2658 3759 ,
2697 3692 2817 3747 Ael.
2846 3694 2900 3749 h.
2926 3710 2973 3748 a.
3004 3694 3080 3747 XI
3110 3701 3158 3749 2.

684 3769 851 3823 Nudo
890 3784 1119 3837 corpore
1149 3770 1499 3839 Strepsiades
1538 3772 1774 3840 adytum
1810 3772 2004 3839 intrat,
2057 3772 2125 3827 cf.
2164 3771 2451 3825 Dieterich
2478 3773 2616 3826 Mus.
2648 3772 2826 3828 Rhen.
2856 3779 2925 3827 48
2953 3793 3006 3844 p.
3038 3780 3158 3829 277.

689 3849 889 3902 Nudae
925 3848 1179 3903 mulieris
1217 3852 1407 3903 statua
1445 3866 1513 3903 ex
1549 3866 1678 3904 aere
1705 3851 1862 3905 facta
1886 3851 1946 3905 in
1973 3852 2161 3922 Auges
2190 3852 2407 3906 tumulo
2435 3852 2809 3922 Pergameno,
2837 3854 3000 3909 Paus.
3031 3854 3162 3908 VIII

685 3933 737 3994 4,
766 3934 815 3981 9.
890 3926 1051 3992 Quod
1089 3928 1163 3981 ad
1209 3928 1434 3998 magica
1477 3929 1750 4000 pertinet,
1800 3931 1870 3984 cf.
1908 3931 2087 3986 Wess.
2128 3930 2220 3985 Gr.
2261 3931 2360 3986 ZP.
2403 3938 2488 3999 21,
2518 3938 2584 3986 26
2607 3949 2714 4000 sq.:
2770 3935 3164 4002 πρααγνεύσας

688 4005 737 4071 ζ’
778 4004 986 4075 ἡμέρας
1021 4008 1112 4077 (cf.
1143 4014 1238 4077 22,
1270 4011 1359 4079 52)
1397 4007 1582 4063 ἐλθὼν
1616 4010 1726 4077 πρὸ
1762 4018 1863 4079 τῆς
1899 4010 2128 4080 σελήνης
2164 4012 2244 4073 εἰς
2277 4009 2454 4066 τόπον
2491 4010 3022 4082 ἀπογνμνωθεὶς
3050 4017 3158 4068 κτλ.

687 4085 763 4140 ib.
796 4091 882 4152 25,
914 4092 1016 4140 174
1038 4105 1147 4156 sq.:
1186 4086 1557 4158 κατακλίθητι
1594 4088 1712 4144 ἅνω
1741 4087 1959 4160 βλέπων
1996 4089 2089 4144 ἐπὶ
2115 4090 2219 4159 τὴν
2257 4088 2491 4145 σινδόνα
2529 4090 2796 4161 γυμνός.
2852 4092 2928 4146 ib.
2960 4099 3045 4161 22,
3075 4099 3159 4149 89.

693 4164 998 4219 Weinhold
1036 4166 1072 4221 1.
1105 4185 1149 4221 c.
1179 4187 1234 4237 p.
1264 4173 1333 4222 46
1356 4185 1474 4236 sqq.
1549 4168 1703 4224 Riefs
1742 4168 1918 4225 P.-W.
1961 4187 2000 4223 s,
2040 4188 2086 4225 v.
2128 4170 2352 4240 Abergl.
2383 4189 2437 4240 p.
2470 4176 2553 4240 35,
2575 4177 2627 4226 4.

726 4362 776 4430 1)
812 4360 975 4414 Paus,
1006 4360 1083 4414 IX
1111 4366 1197 4429 39,
1227 4367 1285 4417 8:
1325 4362 1578 4418 ἐνταῦθα
1616 4363 1686 4434 δὴ
1736 4363 1841 4434 χρὴ
1879 4374 2030 4420 πιεῖν
2067 4365 2240 4420 αὐτὸν
2278 4365 2479 4437 Λήθης
2512 4386 2571 4421 τε
2608 4365 2762 4437 ὕδωρ
2801 4369 3163 4439 καλούμενον,

546 4438 643 4495 ἴνα
680 4439 830 4509 λήθη
883 4438 1112 4511 γένηταί
1158 4441 1212 4495 οὶ
1258 4441 1486 4498 πάντων
1532 4443 1569 4498 ἃ
1605 4442 1741 4507 τέως
1777 4444 2089 4514 ἐφρόντιζε,
2135 4446 2232 4499 καὶ
2279 4444 2371 4500 ἐπὶ
2414 4449 2556 4518 τῷδε
2603 4447 2734 4503 ἄλλο
2784 4445 2958 4512 αὖθις
3011 4448 3162 4519 ὕδωρ

543 4517 696 4573 πίνει
734 4519 1129 4589 Μνημοσύνης,
1168 4521 1281 4575 ἀπὸ
1318 4522 1520 4577 τούτου
1555 4542 1614 4577 τε
1651 4525 1988 4593 μνημονεύει
2022 4523 2092 4578 τὰ
2130 4524 2389 4594 ὀφθέντα
2427 4527 2481 4581 οἱ
2520 4527 2844 4600 καταβάντι.

722 4601 774 4669 2)
812 4599 929 4653 ἐκεῖ
962 4598 1041 4669 (in
1074 4602 1235 4654 antro
1263 4601 1677 4674 Trophoniano)
1716 4600 1819 4660 οὖν
1850 4604 1905 4659 οὶ
1942 4604 2245 4673 μκυούμενοι
2273 4604 2611 4673 καθέζονται
2640 4608 2732 4663 ἐπὶ
2760 4618 2862 4664 τοῦ
2892 4609 3163 4679 στόματος

545 4676 766 4749 γυμνοί,
804 4680 901 4734 καὶ
938 4678 1281 4749 ἁρπάζονται
1318 4685 1431 4736 κτλ.
