3611 5264
590 326 673 388 ‘10
1738 323 1920 391 Caput
1956 322 2048 377 IV.

777 488 1043 552 Sacrum
1106 491 1463 570 martyrum
1526 486 1900 551 nominatur
1963 489 2160 569 σηκός
2222 486 2364 550 mir.
2421 485 2462 548 6
2527 508 2587 568 Ρ.
2645 484 2805 569 3363
2878 485 2939 565 9,
2984 480 3208 569 3481);

589 587 693 669 20,
731 583 954 671 4582),
1002 585 1107 669 23,
1144 586 1301 668 4783
1348 585 1453 668 24,
1490 585 1649 669 4843
1697 584 1801 666 27,
1839 582 1988 647 496.
2035 585 2195 659 ναός
2230 607 2291 666 p.
2330 582 2478 647 518.
2526 581 2673 647 522.
2719 578 3040 666 ὑπηρέται
3088 590 3209 645 τοῦ

591 683 865 760 ἐνδόξου
912 694 1046 748 τῶν
1103 683 1312 766 ἁγίων
1369 689 1558 747 οἴκου
1615 686 2198 747 commemorantur
2253 681 2313 764 3,
2350 681 2507 765 326;
2563 682 2980 762 διακονικόν,
3036 678 3210 762 quod

591 781 1008 845 diaconorum
1053 780 1309 845 videtur
1355 802 1490 844 esse
1538 779 1839 845 conclave
1892 781 1991 865 10,
2029 780 2176 845 358.
2267 779 2477 863 Prope
2533 801 2782 843 sacrum
2840 782 3022 842 erant
3077 777 3212 842 bal-

593 902 738 944 nea:
785 879 1122 962 presbyter
1174 878 1566 962 paralyticus
1628 890 1935 964 φανερῶς
1989 876 2481 962 διαγενομένων
2540 876 2805 962 ἡμερῶν
2859 876 3210 958 ἠβουλήθη

594 975 698 1041 ἐπὶ
747 977 1074 1062 λοετρὸν
1131 976 1359 1042 ἐλθεῖν
1412 977 1486 1040 τὸ
1546 978 1908 1060 λεγόμενον
1967 977 2339 1059 ῑαματικόν,
2395 975 2469 1039 τὸ
2518 975 2598 1041 ὂν
2653 974 2727 1039 ἐν
2774 979 3044 1050 Συκαῖς.
3097 972 3210 1038 καὶ

597 1073 889 1153 ἐξελθὼν
936 1074 1006 1138 ἐκ
1052 1084 1172 1139 τοῦ
1220 1080 1410 1140 οἴκου
1457 1085 1592 1138 τῶν
1638 1073 1851 1156 ἁγίων
1895 1123 1910 1138 .
1958 1123 1972 1137 .
2020 1122 2035 1137 .
2079 1072 2212 1137 ὑπὸ
2260 1074 2378 1138 τὸν
2425 1075 2685 1159 ὄρθρον
2744 1073 2994 1157 φθάνει
3048 1072 3213 1135 κατά

596 1196 663 1236 τι
704 1172 1119 1255 ἰαματικὸν
1155 1182 1307 1237 τῶν
1345 1170 1692 1236 ἐνταῦθα
1729 1172 2072 1254 πριβάτων
2103 1222 2115 1235 .
2150 1222 2162 1235 .
2192 1220 2206 1234 .
2243 1174 2602 1235 πείθουσιν
2638 1169 2846 1235 αὐτὸν
2885 1170 3214 1233 εἰσελθεῖν

594 1269 667 1334 ἐν
713 1277 804 1356 τςό
851 1269 1146 1334 ἐνταῦθα
1194 1271 1512 1356 ῑαματικῷ
1569 1275 1834 1356 λοετρῷ.
1892 1267 2293 1351 βασταχθεὶς
2353 1263 2479 1333 οὖν
2536 1269 2851 1349 εἰσῆλθεν
2906 1268 3000 1343 εἰς
3053 1267 3213 1342 τοὺς

592 1367 1044 1450 καλουμένους
1089 1370 1387 1442 θόλους
1431 1372 1564 1431 κτλ.
1618 1367 1719 1449 12,
1748 1366 1882 1432 386
1904 1389 1995 1450 sq.
2088 1363 2405 1430 Attendas
2463 1365 2779 1449 Epidauri
2836 1387 3091 1448 quoque
3146 1364 3214 1428 in

593 1460 932 1547 Asclepieo
980 1464 1234 1530 tholum
1282 1487 1418 1529 esse
1465 1465 1777 1529 effossam.

771 1562 1045 1647 Magnus
1094 1565 1230 1626 erat
1273 1584 1576 1626 numerus
1624 1565 2052 1646 aegrotorum,
2100 1561 2211 1644 qui
2258 1560 2326 1625 in
2382 1565 2739 1644 martyrum
2786 1560 3030 1644 templo
3077 1582 3214 1624 ver-

594 1660 927 1724 sabantur:
972 1665 1286 1725 πολλῶν
1331 1656 1406 1724 a}
1451 1659 1560 1723 καὶ
1605 1661 1913 1744 μεγάλων
1961 1659 2203 1724 ἰάσεων
2258 1657 2628 1742 γινομένων
2683 1657 3064 1744 ὁσημέραι
3120 1660 3215 1734 εἰς

594 1759 751 1834 τοὺς
809 1760 1083 1833 λοιποὺς
1146 1755 1655 1842 κατακειμένους
1718 1756 2028 1832 ἀσθενεῖς
2086 1756 2142 1839 1,
2180 1756 2328 1821 306.
2412 1756 2836 1839 ἀνελλειπή
2850 1781 2883 1832 ς
2937 1755 3117 1821 ἐστιν
3172 1755 3213 1838 ἡ

596 1867 730 1920 τῶν
790 1855 1262 1920 ἀσθενούντων
1318 1855 1391 1919 ἐν
1445 1863 1525 1940 τῇ
1578 1862 1934 1939 θαυμαστῇ
1991 1854 2212 1919 αὐτῶν
2266 1854 2469 1939 ταύτῃ
2528 1863 2736 1939 σκηνῇ
2791 1854 3152 1939 προσεδρία
3163 1851 3214 1938 3)

599 1953 660 2037 4,
691 1952 838 2017 330,
912 1951 1261 2035 Praecipue
1309 1952 1389 2016 ad
1434 1951 1848 2037 pervigilium
1905 1952 2352 2017 celebrandum
2400 1951 2694 2016 homines
2741 1952 3023 2035 undique
3071 1973 3218 2016 con-

602 2050 942 2116 currebant
988 2054 1179 2134 atque
1226 2050 1398 2114 intra
1444 2072 1510 2114 se
1557 2072 1683 2133 qua
1718 2050 1969 2115 ratione
2017 2049 2224 2114 sanati
2264 2054 2475 2114 essent
2509 2050 2884 2115 narrabant:
2928 2059 3050 2114 τοῦ
3088 2050 3215 2132 γὰρ

600 2154 765 2213 λαοῦ
813 2147 1290 2233 συντρέχοντος
1335 2145 1474 2234 ἐν4)
1521 2156 1599 2233 τῇ
1646 2145 1789 2212 κατ’
1843 2151 2004 2224 ἔθος
2049 2145 2368 2233 γινομένῃ
2407 2147 2614 2213 ἐκεῖσε
2650 2149 3012 2232 παννυχίδι
3061 2150 3217 2230 σαβ-

602 2246 812 2329 βάτου
859 2245 1355 2330 ε’πιφώσκοντος
1401 2246 1472 2310 oi
1511 2254 1627 2329 τῆς
1671 2244 1822 2329 παρ’
1881 2245 2102 2309 αὐτῶν
2139 2247 2451 2329 τυχόντες
2490 2246 2723 2322 ἰάσεως
2761 2245 2938 2321 ὅπως
2983 2247 3220 2328 ἔτυχον

600 2347 833 2426 ἔλεγον
877 2367 936 2427 p.
975 2342 1125 2407 454.

776 2440 987 2505 Paene
1034 2463 1285 2524 semper
1329 2442 1398 2506 in
1454 2441 1679 2506 morbo
1737 2441 2152 2506 describendo
2209 2441 2442 2506 medici
2496 2441 2662 2505 nihil
2719 2442 3020 2505 dicuntur
3074 2440 3221 2504 effe-

608 2536 853 2626 cisse⁵)‚
898 2538 1075 2603 velut
1123 2562 1217 2603 ex.
1266 2562 1358 2624 gr.
1402 2539 1502 2623 19,
1540 2539 1698 2604 442:
1745 2540 1912 2604 ὥστε
1956 2537 2067 2603 καὶ
2114 2541 2271 2615 τοὺς
2319 2541 2589 2625 ἰατροὺς
2638 2542 2889 2616 πάντας
2933 2538 3219 2622 ἡττηθῆ-

601 2662 713 2702 ναι
758 2638 889 2702 ὑπὸ
936 2647 1058 2702 τοῦ
1102 2641 1491 2724 νοσήματος.

780 2735 1098 2818 Martyres
1170 2739 1483 2819 apparent
1542 2736 2008 2801 dormientibus
2068 2759 2183 2819 per
2242 2759 2564 2802 somnum:
2627 2734 3103 2821 ἐπιλαβομένης
3149 2759 3219 2800 τε

602 2844 718 2917 τῆς
762 2834 1003 2908 νυκτὸς
1046 2832 1157 2898 καὶ
1204 2835 1589 2917 βαθύτατον
1634 2834 1855 2899 ὕπνον
1911 2835 2374 2910 διατελοῦντος
2429 2834 2636 2899 αὐτοῦ
2694 2835 2764 2898 οἱ
2811 2834 3086 2918 μεγάλοι
3115 2882 3130 2897 .
3160 2882 3217 2896 ..

608 2933 787 3014 ἅγιοι
829 2981 844 2995 .
882 2981 897 2995 .
937 2981 951 2995 .
990 2932 1111 3014 τὴν
1168 2942 1303 2995 τῶν
1369 2937 1622 2996 λοιπῶν
1677 2929 2040 3017 ἀρρώστων
2101 2934 2365 3015 συνήθη
2422 2931 2768 3009 ἐπίσκεψιν
2826 2931 3217 3014 ποιούμενοι

607 3030 952 3112 φθάνουσι
998 3025 1108 3093 καὶ
1155 3029 1321 3114 πρὸς
1365 3030 1486 3093 τὸν
1530 3031 1737 3094 τόπον
1779 3038 1903 3093 τοῦ
1948 3029 2349 3115 ὑδεριῶντος
2400 3030 2455 3113 1,
2494 3029 2640 3093 312.
2726 3028 3047 3112 φανέντες
3093 3028 3220 3114 γὰρ

613 3257 948 3324 municavit3
987 3256 1056 3311 cf.
1096 3257 1240 3311 Acta
1270 3259 1445 3311 sanct.
1474 3276 1528 3326 p.
1558 3263 1679 3326 460,
1713 3263 1831 3311 176.
1891 3260 1944 3327 3)
1973 3257 2121 3312 mirr.
2155 3263 2327 3311 9—-11
2357 3276 2410 3327 p.
2434 3262 2718 3310 346-384
2733 3256 2822 3311 W.
2862 3257 2969 3310 hoc
2997 3255 3218 3310 ordine:

611 3344 694 3390 11.
726 3344 773 3391 9.
808 3344 890 3391 10.
929 3337 1243 3406 Martyrum
1281 3336 1580 3405 invocatio,
1619 3354 1733 3405 qua
1768 3337 2107 3391 terminatur
2141 3338 2262 3390 mir.
2298 3344 2380 3405 10,
2422 3338 2482 3391 in
2521 3337 2640 3392 cod.
2681 3336 2847 3391 Vind.
2897 3338 2984 3390 est
3020 3336 3219 3405 ampli-

607 3418 791 3470 ficata.
867 3417 1073 3471 Variae
1109 3416 1275 3471 huius
1315 3417 1523 3471 codicis
1561 3417 1849 3486 lectionesa,
1889 3434 1985 3471 seu
2026 3417 2388 3487 accipiendae
2438 3416 2697 3470 videntur
2735 3433 2832 3471 seu
2868 3416 3220 3484 refutandae,

609 3496 723 3551 suis
762 3496 902 3552 loeis
941 3498 1379 3552 adnotabuntur.

793 3581 843 3647 1)
882 3577 1017 3650 οἴκῳ
1054 3595 1154 3646 pro
1193 3583 1342 3649 σηκῷ
1379 3578 1614 3647 praebet
1650 3575 2116 3631 Vindobonensis

795 3660 848 3726 2)
887 3653 1046 3711 οἷκον
1083 3656 1250 3712 Vind.

791 3739 843 3806 3)
882 3736 951 3791 cf.
994 3743 1077 3805 18,
1107 3743 1238 3803 422;
1287 3744 1374 3805 28,
1404 3743 1522 3791 510.
1582 3735 1725 3806 ἀνὴρ
1782 3736 1920 3807 ἔχων
1976 3736 2142 3791 ἔνδον
2196 3745 2295 3806 τῆς
2350 3735 2562 3806 κοιλίης
2619 3733 2915 3806 ἀπόστημα
2969 3736 3220 3805 προσή-

612 3820 857 3884 δρευεν
892 3826 1011 3878 τοῖς
1048 3814 1297 3881 ἐνδόξοις
1331 3818 1549 3879 τούτοις
1585 3818 1682 3871 καὶ
1720 3819 1985 3888 φοβεροῖς
2024 3816 2234 3884 ἰατροῖς
2273 3823 2321 3885 5,
2354 3823 2473 3870 332.
2515 3816 2584 3870 cf.
2623 3817 3010 3884 προσεδρεύων
3047 3814 3109 3870 δὲ
3144 3822 3221 3888 τῷ

616 3896 750 3968 οἴκῳ
786 3906 898 3951 τῶν
935 3893 1110 3966 ἁγίων
1147 3902 1198 3965 4,
1230 3902 1346 3950 328.
1409 3896 1796 3964 προσεδρεύων
1833 3889 1905 3964 ἦν
1941 3905 2058 3957 τοῖς
2093 3893 2277 3965 ἁγίοις
2315 3901 2548 3965 17,-414.
2616 3896 2959 3964 προσήδρευε
2996 3894 3056 3948 in
3093 3895 3222 3964 Cyri

613 3977 670 4029 et
713 3975 938 4029 Ioannis
985 3976 1270 4030 miraculis
1320 3983 1405 4044 28,
1436 3982 1573 4029 3505
1597 3977 1656 4030 Β.
1699 3976 1766 4030 cf.
1808 3976 2250 4044 παρεδρεύοντες
2293 3976 2369 4030 ib.
2400 3982 2488 4044 48,
2519 3981 2654 4030 3601
2680 3976 2736 4031 C.
2809 3975 3013 4030 Itidem
3049 3993 3218 4044 προσ-

614 4056 855 4122 εδρεύων
899 4060 975 4126 τῷ
1011 4059 1129 4128 θεῷ
1167 4059 1261 4126 (sc.
1301 4055 1659 4125 Aesculapio)
1697 4057 1766 4110 de
1805 4055 1991 4110 Salvio
2030 4056 2276 4123 consule,
2314 4074 2363 4110 v,
2403 4073 2573 4125 supra
2608 4074 2661 4125 p.
2694 4062 2741 4109 9.
2775 4088 2843 4096 -—
2886 4054 3223 4124 ceteroquin

617 4150 744 4186 cum
783 4134 852 4187 de
891 4135 1061 4187 sacris
1098 4136 1414 4190 medicinae
1453 4152 1623 4189 causa
1659 4135 2127 4205 frequentatis
2167 4138 2386 4205 agatur,
2426 4152 2668 4189 errorem
2704 4135 3037 4190 correxerim
3070 4135 3224 4189 Wel-

617 4211 786 4280 elzeri,
824 4212 921 4279 qui
969 4213 1038 4266 de
1083 4215 1294 4284 templo
1331 4214 1656 4285 Aesculapii
1702 4214 2035 4269 Atheniensi
2083 4214 2281 4269 scribit
2327 4216 2468 4270 haec
2494 4216 2613 4291 (m.
2654 4216 2805 4270 Schr.
2834 4216 2914 4268 ΠΙ
2941 4218 3055 4285 89)ι
3092 4215 3226 4283 „der

618 4296 711 4364 (sc.
751 4293 848 4346 der
896 4294 1129 4362 Tempel)
1176 4297 1319 4350 nach
1362 4297 1510 4350 einer
1555 4295 1714 4351 Stelle
1759 4311 1830 4350 zu
1873 4297 2156 4362 schliessen
2201 4296 2264 4349 in
2308 4296 2490 4350 Athen
2535 4296 2750 4351 damazs
2792 4296 2944 4351 ‘nicht
2986 4297 3105 4350 sehr
3141 4297 3224 4350 be·

616 4374 772 4428 sucht
806 4378 976 4427 ‘mars‘
1048 4372 1368 4428 Adnotatur
1412 4376 1505 4429 Ar.
1545 4375 1692 4431 Plut.
1722 4393 1772 4429 v.
1803 4381 1909 4429 664
1930 4394 2037 4444 sq.:
2087 4368 2230 4443 ἦσαν
2277 4373 2343 4428 δέ
2386 4395 2533 4439 τινες
2588 4375 2779 4430 κᾶλλοι
2824 4373 3080 4444 δεόμενοι
3123 4384 3224 4429 τοῦ

618 4457 787 4521 θεοῢ;
827 4448 907 4514 εἷς
944 4450 1044 4520 μέν
1081 4471 1141 4521 γε
1182 4453 1535 4524 Νεοκλείδης.
1611 4455 1822 4509 Tamen
1860 4474 1907 4508 v.
1941 4461 2041 4508 667
2082 4458 2344 4509 secuntur
2382 4454 2557 4525 ἕτεροί
2593 4474 2651 4510 τε
2686 4455 2947 4510 πολλοίὶ

797 4535 852 4602 4)
889 4531 995 4584 Pro
1026 4530 1086 4585 ἐν
1108 4564 1172 4571 -
1194 4532 1608 4601 ἐπιφώσκοντος
1635 4533 1800 4589 Vind.
1835 4534 2061 4588 exhibet
2086 4535 2252 4591 haec:
2282 4534 2421 4590 καθ’
2459 4534 2694 4605 ἑκάστην
2722 4537 2784 4591 ἐν
2811 4540 2887 4608 τῷ
2923 4533 3220 4608 πανσέπτῳ

620 4611 806 4666 αὐτῶν
845 4610 993 4682 οἴκῳ.

797 4692 850 4760 5)
890 4690 957 4744 cf.
1000 4708 1169 4760 supra
1202 4710 1256 4761 p.
1290 4697 1376 4761 65,
1408 4699 1453 4747 1.
