3611 5264
1325 323 1407 377 De
1444 323 1805 378 incubatione
1844 323 2167 378 christiana.
2953 325 3032 388 81

420 489 521 572 11,
550 485 725 553 3453
747 486 828 552 A.
879 488 951 552 οἱ
992 484 1065 552 δὲ
1110 487 1422 573 μακάριοι
1468 487 1794 573 μάρτυρες
1839 488 2157 585 πολλάκις
2203 487 2380 575 αὐτῷ
2427 488 2689 574 νύκτωρ
2728 486 3040 574 ἐπιφερό-

418 610 608 671 μενοι
652 586 753 670 12,
784 584 955 650 3457
978 585 1051 650 Β.
1099 584 1420 669 φανέντες
1455 585 1583 671 γὰρ
1620 584 1777 650 καθ’
1822 586 2078 661 ὕπνους
2116 585 2316 673 αὐτῷ,
2353 588 2607 672 ὥσπερ
2639 587 3042 651 ,εἰώθασιν

416 684 499 749 ib.
530 685 705 748 3460
728 682 792 749 G.
838 693 1035 750 τοῦτο
1083 685 1209 769 γὰρ
1258 684 1330 748 oc
1369 684 1546 766 ἅγιοι
1596 682 1677 747 δι’
1738 682 2076 749 ἐνυπνίων
2119 684 2194 748 τὸ
2241 686 2552 769 βοήθημα
2594 682 2790 749 παντὶ
2836 701 3041 770 προσ-

422 781 682 865 ενέγκαι
737 790 830 870 τῷ
888 783 1140 866 σώματι
1196 833 1209 846 .
1268 832 1280 845 .
1336 830 1351 847 .
1407 780 1818 868 προσέταξαν
1877 780 1978 866 15,
2008 781 2183 845 3469
2205 780 2271 846 C.
2329 781 2401 847 oc
2451 779 2525 847 δὲ
2579 783 2819 859 νυκτὸς
2873 784 3042 868 πρὸς

418 881 626 946 αὐτὸν
698 880 1014 956 ἐλθόντες
1085 880 1505 944 καθεύδοντα
1581 881 1691 964 16,
1738 880 1913 945 3472
1934 879 2012 944 D.
2106 882 2270 967 ὄναρ
2355 879 2680 965 ὀφθέντες
2763 878 3039 945 ίάσαντο

421 979 523 1062 17,
553 978 728 1043 3476
749 976 828 1043 Α.
891 977 1197 1042 ὑπνῶσαι
1261 978 1379 1042 τὸν
1435 982 1715 1043 Παῦλον
1771 1029 1784 1042 .
1835 1031 1846 1043 .
1904 1027 1919 1041 .
1982 981 2376 1062 ποιήσαντες
2432 1030 2444 1043 .
2502 1029 2517 1043 .
2572 1029 2586 1042 .
2652 976 3040 1062 ἐφίστανται

417 1078 678 1161 νύκτωρ
742 1075 1148 1141 καθεύδοντι
1229 1074 1339 1159 18,
1379 1074 1553 1138 3476
1574 1074 1652 1140 D.
1743 1076 2072 1161 μάρτυρες
2141 1075 2296 1141 καθ’
2379 1075 2636 1153 ὕπνους
2714 1075 3077 1161 ὀφθέντες·

419 1175 525 1258 20,
553 1174 724 1238 3481
748 1172 827 1237 Α.
874 1171 987 1238 καὶ
1033 1171 1355 1238 ἐνύπνιον
1399 1170 1509 1237 καὶ
1547 1174 1713 1259 ὄναρ
1752 1173 1921 1260 ὁρᾶν
1968 1174 2484 1259 παρεσκεύασαν.
2530 1172 2720 1239 αὐτοὶ
2759 1170 2834 1238 δὲ
2869 1169 3042 1256 ’ἦσαν

420 1273 491 1338 οἱ
531 1273 893 1348 δεδωκότες
939 1271 1108 1357 ὁρᾶν
1152 1268 1263 1336 καὶ
1311 1272 1708 1355 φαινόμενοι
1756 1268 2007 1358 (itaque
2044 1272 2168 1356 ipsi
2215 1273 2283 1336 in
2321 1293 2449 1355 quo
2487 1276 2840 1356 appareant
2877 1294 3043 1336 mar-

419 1374 594 1454 tyres
640 1371 910 1434 mittunt
957 1365 1313 1454 somnium)
1360 1368 1467 1452 21,
1496 1368 1674 1432 3484
1687 1370 1760 1433 Β.
1809 1358 2174 1436 ἐκάθευδεν
2219 1366 2341 1455 μὲν
2401 1366 2526 1435 οὖν
2571 1371 2607 1436 ὁ
2658 1370 3042 1454 Γεννάδιος,

425 1469 817 1555 ’ἠγρύπνουν
864 1463 938 1531 δὲ
984 1467 1312 1553 μάρτυρες
1359 1517 1372 1530 .
1423 1518 1435 1531 .
1485 1517 1498 1531 .
1543 1467 1710 1553 πρὸς
1757 1467 1964 1532 αὐτὸν
2006 1470 2486 1553 παραγίνονται
2531 1469 2637 1553 23,
2666 1468 2840 1533 3488
2863 1466 2928 1533 O.
2977 1468 3048 1532 οἱ

423 1567 603 1649 ἅγιοι
672 1563 809 1630 κατ’
881 1565 1045 1651 ὄναρ
1116 1562 1437 1649 φανέντες
1515 1565 1619 1649 24,
1658 1564 1833 1631 3492
1851 1564 1918 1630 O.
1991 1575 2346 1654 νυσταγμῷ
2424 1569 2624 1649 βαθεῖ
2684 1564 3042 1652 καταφέρε-

428 1687 535 1728 ται
584 1713 599 1727 .
647 1712 662 1727 .
709 1712 724 1727 .
770 1660 914 1727 ἀλλ’
970 1663 1207 1728 ἰδοῦσα
1250 1662 1529 1738 τούτους
1575 1660 1949 1750 (martyres)
2005 1664 2095 1740 ὡς
2149 1665 2478 1740 ἀκουσίως
2532 1663 2855 1730 ἐκάθευδε
2902 1713 2917 1729 .
2964 1715 2977 1729 .
3026 1714 3041 1729 .

429 1758 619 1826 αὐτοὶ
665 1756 741 1824 δὲ
786 1809 801 1824 .
849 1810 863 1824 .
911 1809 926 1824 .
962 1760 1130 1845 πρὸς
1177 1760 1386 1842 αὐτὴν
1420 1764 1904 1845 παραγίνονται
1939 1767 2079 1826 κτλ.
2124 1760 2228 1845 25,
2258 1762 2433 1828 3493
2453 1761 2532 1827 D.
2576 1760 2735 1827 καθ’
2786 1761 3045 1839 ὕπνους

422 1860 548 1944 γὰρ
597 1858 761 1943 αὐτῇ
815 1855 1267 1943 παραστάντες
1328 1857 1433 1942 26,
1461 1857 1633 1922 3497
1655 1857 1734 1923 A.
1798 1861 2013 1947 τούτῳ
2067 1857 2221 1925 καθ’
2286 1858 2543 1937 ὕπνους
2599 1859 2924 1945 ὀφθέντες
2977 1861 3048 1926 οἱ

422 1958 752 2043 μάρτυρες
797 1955 903 2040 28,
930 1954 1105 2019 3505
1125 1955 1201 2021 Β.
1247 1957 1509 2042 νύκτωρ
1555 1956 1961 2022 καθεύδοντι
2009 1961 2365 2041 φαίνονται
2411 1957 2516 2043 30,
2544 1955 2715 2023 3517
2739 1957 2813 2021 Β.
2859 1956 3042 2023 ἐπελ-

423 2055 682 2137 θούσης
728 2051 802 2119 δὲ
856 2062 970 2137 τῆς
1014 2055 1253 2130 νυκτὸς
1307 2103 1323 2118 .
1372 2103 1387 2119 .
1434 2104 1448 2118 .
1492 2055 1900 2120 καθεύδοντι
1956 2056 2028 2120 οἱ
2074 2062 2256 2121 θεῖοι
2305 2058 2743 2142 παρίστανται
2794 2056 3039 2142 μάρτυ-

421 2176 532 2237 ρες
587 2152 671 2216 ib.
729 2150 905 2216 3520
922 2151 997 2215 Β.
1091 2150 1522 2235 ἐπιφανέντες
1594 2147 1720 2218 οὖν
1790 2151 1945 2218 καθ’
2029 2154 2284 2231 ὕπνους
2358 2155 2429 2219 oc
2497 2155 2826 2240 μάρτυρες
2884 2202 2899 2218 .
2955 2204 2970 2217 .
3027 2203 3042 2217 .

428 2248 635 2334 φασὶν
663 2300 678 2315 .
716 2300 732 2315 .
771 2300 787 2315 .
827 2303 839 2315 .
876 2249 987 2316 καὶ
1023 2260 1229 2316 ταῦτα
1266 2248 1389 2335 μὲν
1434 2253 1599 2337 ὄναρ
1647 2252 1825 2339 αὐτςῖ
1871 2250 2476 2337 προσεφθέγγοντο.
2524 2251 2560 2316 ὁ
2608 2248 2683 2316 δὲ
2729 2249 3047 2338 στραφεὶς

424 2349 583 2433 μετὰ
628 2349 751 2431 τὴν
799 2349 1036 2435 ὅρασιν
1079 2355 1214 2414 κτλ.
1263 2348 1368 2433 31,
1396 2343 1567 2413 3521
1589 2348 1669 2413 D.
1716 2347 1867 2435 περὶ
1912 2350 2032 2414 τὸν
2077 2351 2336 2435 ὄρθρον
2386 2349 2747 2432 ἁφύπνωσε
2794 2401 2807 2414 .
2855 2399 2870 2412 .
2917 2398 2931 2412 .
2977 2350 3049 2414 οἳ

420 2447 869 2532 παραστάντες
936 2445 1050 2533 (sc.
1097 2444 1468 2533 martyres),
1523 2447 1621 2522 ὡς
1674 2458 1916 2511 πᾶσιν
1982 2447 2368 2511 εἰώθασιν
2429 2451 2566 2511 κτλ.
2622 2446 2733 2531 34,
2773 2445 2950 2509 3540
2967 2446 3040 2510 Β.

428 2542 808 2621 ἐπιστάντες
871 2543 1049 2631 αὐτῷ
1104 2544 1258 2609 καθ’
1327 2545 1582 2621 ὕπνους
1643 2545 1713 2609 oc
1776 2545 1956 2627 ἅγιοι
2011 2545 2166 2609 τάδε
2221 2555 2440 2609 ποιεῖν
2501 2543 2882 2622 διετάξαντο
2938 2541 3043 2628 35,

422 2641 600 2708 3544
618 2643 692 2707 Β.
762 2641 1083 2730 φανέντες
1139 2644 1235 2719 εἰς
1289 2645 1453 2727 ὄναρ
1511 2642 1875 2728 ἀμφότεροι
1931 2642 2036 2729 36,
2065 2641 2238 2708 3552
2261 2641 2338 2707 Α.
2395 2643 2562 2728 ὁρᾶν
2616 2642 2831 2708 ἐδόκει
2885 2645 3043 2718 τοὺς

422 2743 762 2827 μάρτυρας
809 2740 893 2805 ib.
933 2738 1108 2805 3552
1132 2739 1199 2804 C.
1248 2740 1612 2824 άφύπνωσε
1665 2739 1770 2805 καὶ
1804 2790 1821 2804 .
1860 2739 2126 2824 ,βλέπει
2180 2743 2336 2817 τοὺς
2390 2740 2791 2827 μάρτυρας..
2814 2793 2825 2804 .
2846 2762 3043 2826 παρε-

433 2850 686 2915 στῶτας
730 2836 841 2903 καὶ
888 2837 1203 2921 λέγοντας
1248 2837 1334 2903 ib.
1371 2836 1546 2902 3553
1566 2837 1653 2923 Α,
1702 2838 1779 2904 cf.
1818 2837 1903 2903 ib.
1942 2836 2113 2902 3557
2136 2837 2306 2922 AJB.
2345 2827 2667 2903 ἐκάθευδε
2701 2837 2811 2903 καὶ
2846 2859 3045 2925 παρε-

428 2947 680 3013 στῶτας
715 2936 942 3021 βλέπει
978 2940 1137 3013 τοὺς
1172 2938 1509 3023 μάρτυρας
1537 2936 1622 3002 ib.
1661 2935 1832 3000 3557
1855 2934 1921 3001 C.
1957 2938 2115 3012 τοὺς
2151 2936 2382 3019 ἁγίους
2420 2936 2634 3002 ἐδόκει
2659 2935 3042 3001 θεάσασθαι

426 3035 530 3119 37,
560 3033 730 3099 3561
758 3033 826 3100 O.
872 3037 1280 3103 καθεύδοντι
1328 3038 1684 3118 φαίνονται
1732 3035 1839 3120 38,
1867 3032 2041 3098 3565
2061 3033 2139 3099 D.
2182 3032 2342 3099 καθ’
2385 3034 2470 3117 ἣν
2509 3032 2624 3122 (sc.
2661 3031 2897 3120 νύκτα)
2933 3032 3043 3099 καὶ

424 3134 495 3197 oc
534 3134 862 3220 μάρτυρες
908 3133 1236 3221 Στεφάνῳ
1294 3183 1308 3198 .
1366 3184 1379 3197 .
1437 3183 1451 3197 .
1509 3120 1868 3218 φαίνονται
1922 3132 2006 3196 ib.
2057 3131 2230 3196 3568
2251 3131 2331 3196 D.
2384 3133 2588 3198 πάλιν
2645 3132 2824 3221 αὐτῷ
2877 3134 3042 3197 κατὰ

424 3232 580 3306 τοὺς
625 3230 882 3307 ὕπνους
926 3230 1268 3316 ἐφάνησαν
1313 3232 1397 3296 ib.
1436 3229 1611 3295 3569
1631 3232 1705 3295 Β.
1753 3230 1826 3296 os
1865 3229 2193 3317 μάρτυρες
2239 3231 2307 3295 δι
2381 3229 2732 3315 ὁραμάτων
2787 3229 3041 3295 ἐκέλευ-

426 3343 555 3392 σαν
601 3327 686 3392 ib.
726 3327 804 3393 D.
848 3331 1007 3404 τοὺς
1063 3329 1296 3412 ἁγίους
1349 3331 1759 3414 κοιμώμενος
1804 3379 1820 3393 .
1866 3379 1881 3392 .
1931 3380 1944 3393 .
1990 3332 2266 3412 ἔβλεπεν
2321 3328 2434 3413 39,
2463 3327 2638 3392 3576
2658 3327 2828 3412 AsB.
2892 3327 3031 3393 κατ’

428 3424 689 3509 ἐκείνην
734 3426 858 3508 τὴν
904 3427 1111 3491 νύκτα
1154 3428 1563 3511 κοιμώμενος
1606 3436 2026 3512 παρεστῶτας
2081 3427 2257 3512 αὐτῷ
2307 3425 2533 3509 βλέπει
2588 3429 2744 3502 τοὺς
2797 3425 3044 3510 μάρτυ-

425 3547 547 3609 ρας
612 3523 728 3608 40,
766 3521 939 3588 3577
965 3521 1031 3588 O.
1124 3522 1364 3587 Caecus
1431 3523 1691 3607 quidam
1753 3525 2164 3609 κοιμώμενος
2226 3523 2394 3609 πρὸς
2455 3533 2570 3607 τῆς
2631 3533 2768 3588 τῶν
2831 3522 3043 3606 ἁγίων

425 3622 628 3704 ἤκουε
677 3622 945 3707 χάριτος
988 3626 1124 3686 κτλ.
1170 3620 1276 3706 46,
1305 3619 1479 3685 3596
1502 3620 1567 3686 C.
1627 3621 1876 3685 Ibidem
1914 3620 1973 3684 D
2011 3620 2174 3685 alter
2211 3641 2434 3685 caecus
2479 3629 2595 3702 τῆς
2641 3620 2843 3703 αὐτῆς
2876 3622 3043 3704 πρὸς

430 3719 652 3785 αὐτῶν
697 3719 989 3796 ἀκούσας
1033 3720 1392 3796 κελεύσεως
1436 3724 1572 3784 κτλ.
1630 3716 1737 3806 (cf.
1777 3717 1948 3783 3597
1972 3718 2054 3783 B:
2109 3718 2200 3795 ὡς
2245 3715 2320 3783 δὲ
2373 3717 2523 3803 μεθ’
2587 3717 2805 3782 ὕπνον
2856 3715 3042 3803 κτλ).

428 3817 499 3881 οἱ
540 3814 614 3881 δὲ
658 3819 872 3904 τούτῳ
918 3816 1057 3882 κατ’
1122 3819 1287 3903 ὄναρ
1342 3820 1779 3903 παρίστανται
1836 3815 1946 3882 καὶ
1992 3817 2113 3881 τὸν
2166 3818 2418 3902 τρόπον
2470 3825 2586 3900 τῆς
2639 3816 2867 3898 ὑγείας
2921 3839 3041 3900 μη-

426 3916 709 3981 νύουσιν
767 3915 883 4000 47,
921 3915 1098 3979 3600
1116 3915 1191 3979 Β.
1271 3914 1595 3980 ἐκάθευδε
1642 3964 1656 3978 .
1704 3964 1719 3979 .
1764 3965 1781 3979 .
1825 3912 1935 3980 καὶ
1999 3912 2269 3998 βλέπειν
2328 3913 2543 3978 ἐδόκει
2598 3916 2755 3989 τοὺς
2809 3912 3044 3996 ἁγίους

426 4012 704 4097 ὁράματι
766 4021 972 4077 ταῦτα
1031 4015 1530 4099 προσελθόντας
1601 4010 1711 4076 καὶ
1786 4012 2101 4094 λέγοντας
2168 4012 2273 4097 49,
2302 4010 2478 4075 3605
2498 4010 2579 4076 D.
2649 4011 2891 4088 νυκτὸς
2949 4014 3044 4089 εἰς

427 4110 633 4175 αὐτὸν
678 4110 1070 4195 ἀφικόμενοι
1126 4109 1230 4196 50,
1260 4110 1434 4174 3609
1450 4109 1529 4175 D.
1575 4109 1846 4175 ἐλθόντι
1901 4112 2028 4195 γὰρ
2076 4110 2252 4197 αὐτῷ
2298 4108 2453 4174 καθ’
2505 4109 2723 4176 ὕπνον
2770 4110 2841 4174 oc
2880 4111 3044 4194 μάρ-

425 4232 621 4294 τυρες
649 4212 1004 4292 φαίνονται
1030 4207 1140 4273 καὶ
1169 4207 1489 4292 φανέντες
1524 4208 1856 4283 τὸπάθος
1892 4208 2102 4283 εὐθὺς
2139 4208 2644 4291 φυγαδεύουσιν
2661 4205 2766 4293 55,
2782 4206 2956 4273 3625
2968 4208 3040 4271 Β.

426 4317 504 4392 τῇ
535 4307 778 4389 ταύτης
806 4304 1045 4393 (αὐτῇὶ)
1076 4306 1318 4371 ‘eadem
1344 4305 1558 4371 nocte’
1586 4304 1798 4370 versio
1827 4303 1965 4391 lat.)
2006 4304 2437 4389 ἐπιφανέντες
2464 4304 2656 4372 νυκτὶ
2684 4315 2800 4389 τῆς
2828 4304 3041 4392 ἀρρω-

429 4407 613 4481 στίας
640 4403 915 4469 ἐδίδουν
951 4405 1025 4469 τὸ
1064 4404 1416 4490 φάρμακον
1437 4453 1452 4470 .
1475 4401 1698 4468 ..καθ’
1755 4402 1973 4468 ὕπνον
2017 4405 2144 4488 γὰρ
2192 4411 2397 4467 ταῦτα
2442 4396 2662 4469 ποιεῖν
2709 4402 3040 4467 ἐκελεύετο

428 4499 533 4587 58,
548 4502 723 4568 3632
742 4501 820 4566 Α.
837 4502 909 4566 Β.
957 4501 1276 4586 φανέντες
1312 4505 1439 4588 γὰρ
1476 4503 1643 4567 κατὰ
1678 4504 1837 4577 τοὺς
1873 4500 2129 4576 ὕπνους
2167 4501 2238 4565 οἱ
2268 4492 2449 4584 ἅγιοι
2485 4508 2620 4567 κτλ.
2658 4498 2763 4583 59,
2784 4498 3039 4562 3633Β.

429 4602 754 4688 μάρτυρες
819 4602 983 4686 ὄναρ
1051 4599 1378 4685 ὀφθέντες
1434 4600 1547 4684 60,
1576 4598 1752 4663 3636
1771 4597 1839 4662 C.
1905 4599 1974 4663 oc
2022 4596 2352 4684 μάρτυρες
2416 4599 2592 4685 αὐτῷ
2656 4595 3040 4683 κοιμωμένῳ

430 4703 834 4785 παρίσταντο
872 4698 978 4783 61,
1006 4698 1178 4762 3637
1204 4696 1270 4763 G.
1318 4700 1482 4785 ὄναρ
1521 4695 1841 4783 φανέντες
1880 4697 2151 4761 ῑάσαντο
2191 4696 2295 4780 63,
2325 4696 2500 4761 3644
2519 4696 2591 4759 Β.
2638 4695 3041 4759 καθεύδοντι

536 4813 576 4853 D
588 4824 612 4854 ο
622 4825 654 4853 u
663 4814 692 4853 b
702 4826 734 4854 n
746 4825 770 4853 e
781 4825 804 4853 r
813 4842 826 4863 ‚
858 4814 914 4854 de
940 4813 1251 4857 incubatione.
2583 4805 2614 4852 6
