3611 5264
1341 340 1424 393 De
1461 339 1825 394 incubatione
1863 340 2185 394 christiana.
2973 341 3059 405 59

631 503 826 587 Apud
871 503 1162 569 Medardi
1208 504 1494 587 episcopi
1550 504 1940 589 sepulcrum,
1997 506 2168 588 quod
2225 505 2294 569 in
2350 504 2845 570 Suessionum
2901 507 3058 570 urbe

455 600 675 688 (hodie
741 600 1067 689 Scissons)
1135 602 1428 667 exstabat
1440 599 1519 689 1),
1584 602 2061 667 incubationem
2134 605 2440 668 usitatam
2512 604 2710 669 fuisse
2785 608 3061 669 testatur

449 700 722 765 Venant.
749 699 1013 765 Fortun.
1045 699 1109 766 II
1138 700 1238 784 16,
1263 700 1390 764 143
1410 723 1502 785 sq.
1548 700 1721 769 Mon.
1755 699 1962 765 Germ.
1992 705 2156 765 auct.
2185 699 2281 767 IV
2305 702 2337 791 1
2361 725 2421 784 p.
2442 702 2556 767 48:
2585 703 2881 782 „vocibus
2899 702 3063 768 hunc

451 795 766 885 (caecum)
814 801 1120 865 medicis
1164 800 1533 864 monuisti
1570 804 1832 881 tempore
1865 802 2129 879 somni,
2171 798 2178 886 Ι
2221 802 2486 865 tenderet
2519 806 2592 866 ut
2623 800 2794 866 velox
2828 803 2917 866 ad
2953 806 3062 866 tua

450 897 677 979 templa
724 898 1050 979 qradumf‘
1149 894 1308 961 Adit
1363 901 1664 983 aegrotus
1721 898 2024 981 martyris
2085 899 2298 962 aulam
2356 902 2420 962 et
2485 896 2571 984 (v.
2614 898 2740 962 150
2752 896 2872 985 sq.)
2919 920 3063 980 „per

449 995 707 1060 biduum
742 996 1104 1061 recubans
1139 1001 1282 1060 ante
1317 993 1770 1082 sepulchra2)
1795 997 1953 1077 fuit‚·
1997 993 2005 1082 Ι
2047 998 2274 1061 tertia
2311 997 2421 1060 lux
2446 997 2692 1063 rediens
2727 1002 3062 1062 nocmrnas

450 1093 714 1159 solverat
754 1093 1059 1159 umbras“.

629 1191 696 1257 N
707 1192 1093 1277 oviomagi
1140 1190 1360 1279 (hodie
1406 1189 1671 1277 Noyon)
1721 1214 1767 1255 s.
1802 1191 2010 1277 Eligii
2048 1191 2412 1276 sepulcrum
2449 1193 2776 1257 miraculis
2822 1193 3058 1257 floruit.

451 1289 608 1353 Vita
672 1290 808 1354 eius
873 1310 1020 1354 cum
1085 1289 1212 1352 alia
1274 1289 1463 1353 nobis
1528 1289 1792 1372 praebet
1866 1293 2004 1353 tum
2077 1290 2235 1355 haec
2309 1289 2400 1377 (II
2455 1289 2538 1354 51
2606 1289 2827 1376 Migne
2890 1295 2936 1355 t.
2975 1292 3057 1355 87

453 1411 512 1472 p.
551 1387 680 1451 578
693 1385 810 1474 A):
857 1391 1202 1469 „quaedam
1246 1408 1513 1469 namque
1551 1389 1794 1469 femina
1831 1394 2005 1452 muta
2040 1393 2101 1452 et
2133 1409 2313 1454 caeca
2349 1393 2436 1454 ad
2471 1389 2818 1472 sepulcrum
2860 1391 3062 1454 sancti

452 1487 659 1568 Eliqii
697 1488 829 1568 fuit
869 1487 1186 1568 quondam
1230 1486 1464 1563 oblata,·
1513 1507 1671 1568 quae
1715 1507 1856 1551 eum
1892 1488 2005 1551 diu
2040 1487 2268 1551 ibidem
2313 1488 2530 1553 orbata
2566 1493 2622 1551 et
2656 1489 2791 1553 sine
2826 1487 3062 1569 loquela

452 1587 526 1649 de
579 1585 742 1649 caelo
799 1589 1168 1666 exspectaret
1217 1583 1543 1668 medelam,
1604 1606 1862 1665 sopore
1916 1586 2209 1650 tandem
2275 1574 2624 1666 depressa
2678 1606 2890 1651 somno
2944 1607 3062 1650 sua

452 1684 744 1748 concessit
778 1682 1068 1747 membra.
1105 1687 1163 1746 et
1196 1703 1320 1746 ecce
1362 1688 1602 1764 repente
1648 1685 1816 1747 dum
1851 1685 2261 1764 quiesceret
2301 1684 2541 1749 visum
2577 1688 2685 1748 est
2725 1684 3065 1748 astitisse

450 1786 733 1846 sanctum
776 1781 1065 1863 Eliqium
1102 1786 1282 1862 atque
1319 1781 1519 1846 oculos
1557 1781 1828 1846 eiusdem
1863 1781 2181 1846 mulcendo
2221 1782 2497 1866 tetiqisse‚
2534 1780 2843 1846 cultellum
2878 1783 3066 1846 etiam

455 1879 547 1943 vel
586 1881 886 1961 forcipem
932 1881 1004 1943 in
1047 1881 1242 1961 specie
1275 1880 1501 1944 medici
1527 1900 1724 1943 manu
1753 1884 2003 1961 qestans
2039 1880 2351 1961 compedes
2388 1880 2639 1962 linquae
2673 1880 2807 1944 eius
2852 1880 3067 1944 leniter

450 1977 797 2042 abscidisse.
845 1983 901 2041 et
945 1997 1019 2042 ea·
1063 1978 1174 2042 hoc
1227 1978 1512 2042 continuo
1567 1979 2087 2060 expergefacta
2135 2029 2147 2040 .
2200 2028 2212 2040 .
2261 2026 2275 2041 .
2331 1997 2520 2042 sana
2568 1978 2742 2058 facta
2790 2027 2803 2040 .
2854 2029 2867 2041 .
2915 2026 2929 2041 .
2975 1999 3063 2041 re-

445 2096 659 2158 qressa
703 2081 791 2140 est
835 2078 922 2140 ad
944 2077 1278 2158 propriam
1314 2075 1583 2151 villamf‘
1655 2074 2088 2159 Exspectatur
2123 2075 2423 2139 videlicet
2461 2075 2801 2158 somnium,
2848 2074 3066 2159 itaque

456 2174 794 2238 statuenda
840 2173 1185 2238 incubatio,

627 2280 1106 2345 Turonorum
1166 2282 1235 2345 in
1294 2280 1452 2345 urbe
1513 2304 1560 2345 s.
1615 2281 1969 2345 Martinum
2034 2303 2149 2364 per
2216 2280 2539 2345 somnium
2605 2281 2976 2364 apparuisse
3032 2303 3065 2344 e

434 2379 704 2444 ⁴duobus
754 2379 960 2444 elucet
1005 2379 1396 2443 testimoniis
1452 2379 1623 2463 apud
1679 2377 2062 2463 Gregorium
2118 2378 2402 2442 eiusdem
2458 2378 2636 2442 urbis
2694 2378 3066 2461 episcopum

451 2478 737 2542 servatis.
784 2475 1082 2541 Alterum
1109 2476 1350 2563 legitur
1377 2477 1454 2540 de
1482 2478 1702 2541 virtut.
1733 2499 1778 2540 s,
1799 2475 2034 2540 Iuliani
2063 2475 2146 2538 47
2179 2476 2353 2540 Mon.
2385 2473 2591 2540 Germ.
2623 2497 2737 2541 scr.
2767 2499 2815 2540 r.
2845 2474 2931 2539 M.
2960 2474 2992 2538 I
3024 2477 3065 2539 2

452 2599 513 2659 p.
544 2575 698 2659 583,
731 2575 796 2639 7:
833 2575 1093 2660 „mulier
1128 2581 1264 2641 erat
1288 2597 1330 2640 a
1356 2576 1680 2640 nativitate
1706 2595 1903 2660 caeca,
1930 2595 2089 2657 quae
2114 2595 2177 2640 se
2203 2575 2474 2640 exhiberi
2510 2596 2552 2639 a
2576 2575 2945 2658 parentibus
2980 2577 3068 2640 ad

452 2675 615 2738 beati
662 2674 945 2738 Martini
991 2674 1296 2739 tumulum
1342 2676 1664 2755 deprecata
1709 2679 1812 2738 est.
1857 2674 1966 2739 ubi
2010 2694 2148 2738 eum
2184 2674 2468 2752 venisset,
2509 2678 2899 2755 prostrata
2934 2694 3069 2754 per

453 2773 793 2837 triduum
837 2774 924 2836 ad
969 2771 1281 2857 cancellos,
1327 2772 1437 2854 qui
1480 2776 1624 2835 ante
1676 2771 2142 2853 sepulchrum
2185 2773 2387 2838 sancti
2422 2771 2723 2836 antistitis
2768 2770 3069 2835 habentur

454 2964 623 3019 aliter
661 2981 782 3019 sese
818 2965 1020 3031 habet3
1058 2981 1188 3017 nam
1227 2965 1423 3018 narrat
1459 2981 1499 3019 e.
1541 2962 1819 3018 Martinus
1858 2980 1916 3018 se
1955 2982 2082 3019 cum
2119 2964 2266 3019 clero
2304 2963 2366 3017 in
2395 2962 2690 3018 ecclesiam
2726 2962 3067 3033 confugisse,

452 3064 578 3100 cum
628 3045 911 3115 Calliopae
959 3046 1230 3100 exarchus
1277 3044 1474 3100 urbem
1529 3043 1812 3099 intrasset.
1874 3063 1922 3100 v.
1962 3063 2015 3114 p.
2050 3051 2151 3099 199
2174 3044 2237 3099 C:
2285 3046 2496 3115 „iyitur
2539 3049 2605 3099 ut
2647 3044 2789 3099 scias
2834 3046 3068 3115 qualiter

452 3128 699 3182 sublatus
744 3133 796 3182 et
850 3127 1045 3182 ductus
1104 3128 1209 3181 sim
1254 3145 1292 3181 a
1335 3127 1595 3181 Romana
1638 3127 1786 3193 urbe,
1833 3126 1918 3181 nil
1961 3127 2168 3193 falsum
2212 3127 2406 3181 audies
2455 3126 2833 3181 accidentium.
2883 3127 3069 3180 omnia

447 3209 720 3276 praescivi
748 3225 851 3277 per
885 3212 1058 3262 totum
1095 3213 1319 3277 tempus,
1356 3224 1494 3277 quae
1531 3206 1941 3261 meditabantur
1950 3228 1971 3273 ,·
2009 3215 2061 3263 et
2094 3211 2309 3275 sumpto
2345 3207 2547 3275 meipso
2583 3223 2707 3261 cum
2743 3208 2893 3261 omni
2928 3207 3067 3261 clero

451 3304 582 3355 me0,
612 3288 881 3355 privatim
915 3288 1098 3342 mansi
1133 3289 1196 3341 in
1232 3288 1455 3343 ecclesia
1491 3286 1795 3342 Salvatoris
1832 3289 2009 3343 nostri
2053 3289 2182 3342 Iesu
2221 3287 2441 3354 Christi,
2479 3303 2618 3355 quae
2652 3288 3069 3358 coqnominatwr

456 3366 923 3421 Constantiniana
976 3410 986 3422 .
1037 3412 1047 3422 .
1100 3410 1110 3420 .
1165 3367 1283 3422 illic
1342 3369 1485 3422 enim
1534 3384 1717 3423 omnes
1765 3384 1868 3423 nos
1914 3385 2154 3423 seorsum
2203 3369 2555 3423 morabamur
2605 3386 2641 3422 a
2699 3369 2787 3421 die
2836 3368 3067 3433 sabbati,

453 3445 676 3517 quando
715 3447 996 3515 Calliopas
1030 3464 1154 3503 cum
1191 3447 1511 3502 Ravennati
1546 3449 1785 3503 exercitu
1833 3453 1884 3501 et
1932 3448 2209 3503 Theodoro
2255 3448 2595 3503 cubiculario
2640 3448 2893 3502 introivit
2935 3448 3065 3502 civi-

454 3532 666 3582 tatem“.
742 3525 1023 3579 Nimirum
1062 3544 1190 3580 cum
1226 3526 1287 3580 in
1324 3526 1562 3581 ecclesia
1598 3530 1914 3582 moraretur
1950 3545 2119 3597 papa,
2158 3527 2373 3581 ibidem
2411 3526 2464 3580 ei
2502 3529 2624 3581 erat
2661 3526 3065 3582 dormiendum.

455 3640 524 3648 -—
561 3607 816 3661 Alterum
854 3606 1239 3661 testimonium
1278 3608 1350 3661 ad
1385 3606 1766 3662 incubationis
1804 3625 1969 3662 usum
2004 3607 2148 3661 false
2185 3607 2454 3675 relatum,
2499 3606 2650 3675 quod
2686 3608 2877 3660 tamen
2916 3607 3068 3675 apud

457 3705 567 3757 eos,
606 3687 705 3756 qui
743 3688 812 3741 de
849 3687 1211 3742 incubatione
1263 3686 1630 3765 scripserunt,
1678 3688 1903 3756 saepius
1953 3687 2219 3756 occurrit,
2265 3685 2561 3741 Prudentii
2606 3685 2834 3740 exhibet
2878 3702 3068 3739 versus

462 3768 820 3838 (Apotheosis
860 3774 979 3838 186,
1018 3784 1439 3836 nonnumquam
1475 3767 1619 3821 false
1657 3784 1726 3821 ex
1761 3767 2193 3837 Hamartigenia
2239 3766 2491 3837 citatus):
2529 3767 2745 3837 „eequis
2790 3768 2851 3819 in
2897 3767 3067 3821 idolio

456 3852 723 3905 recubans
759 3851 904 3904 inter
938 3867 1100 3905 sacra
1135 3850 1333 3904 mille“.
1401 3847 1556 3913 Quae
1593 3847 1768 3901 verba
1795 3847 1869 3901 ad
1897 3846 2201 3917 epistulam
2237 3846 2479 3917 priorem
2508 3845 2810 3900 Corinthiis
2839 3845 3069 3899 missam

455 3932 714 3999 spectant
751 3933 822 3997 (8,
855 3933 967 4000 10):
1007 3928 1109 3985 ἐὰν
1147 3928 1252 4000 γάρ
1290 3949 1373 3991 τις
1411 3928 1504 3999 ἴδῃ
1544 3926 1603 3982 σὲ
1653 3928 1754 3982 τὸν
1801 3927 2000 3997 ἔχοντα
2047 3937 2251 3998 γνῶσιν
2298 3928 2369 3982 ἐν
2416 3924 2701 3999 εἰδωλίῳ
2748 3925 3067 3980 κατακεί-

455 4028 687 4077 μενον,
726 4010 850 4079 οὐχὶ
886 4010 920 4079 ἡ
962 4007 1276 4079 συνείδησις
1311 4010 1484 4063 αὐτοῦ
1523 4009 1803 4069 ἀσθενοῦς
1842 4006 2003 4070 ὄντος
2040 4005 2549 4077 οἰκοδομηθήσεται
2587 4007 2667 4068 εἰς
2701 4007 2764 4060 τὸ
2801 4004 2872 4060 τὰ
2909 4007 3067 4061 εἰδω-

455 4087 674 4143 λόθυτα
726 4087 965 4158 §offlam
1017 4089 1115 4143 ubi
1166 4086 1570 4158 κατακείμενον
1621 4115 1688 4134 =
1745 4088 2232 4156 ‘accumbentem'‚
2293 4089 2392 4155 „id
2443 4094 2521 4143 est
2569 4087 2875 4157 epulantem
2925 4105 3069 4143 more

459 4170 721 4236 Graeco‘ss
758 4169 922 4238 Hugo
962 4169 1187 4223 Grotius
1228 4169 1300 4223 ad
1336 4169 1537 4223 locum.

644 4251 698 4318 1)
736 4248 804 4303 cf.
845 4248 1138 4319 [Venantii
1183 4248 1504 4320 Fortunati]
1543 4248 1717 4302 vitam
1756 4266 1798 4301 S.
1838 4247 2096 4302 Medardi
2138 4254 2201 4301 12
2221 4250 2331 4317 (29)
2359 4246 2434 4303 M.
2467 4247 2529 4302 G.
2563 4252 2708 4302 auct.
2740 4248 2818 4302 IV
2846 4255 2877 4301 2
2906 4268 2958 4318 p.
2984 4254 3066 4303 71.

635 4331 689 4399 2)
727 4328 796 4382 cf.
846 4328 921 4382 ib.
969 4345 1100 4399 pag.
1150 4329 1434 4398 superiore
1480 4347 1527 4382 v.
1563 4334 1660 4381 111
1685 4347 1763 4396 sq.
1815 4329 1886 4383 de
1930 4327 2271 4398 paralytica:
2318 4333 2589 4397 „tempore
2633 4329 2726 4384 sed
2772 4330 2931 4383 tardo
2977 4335 3069 4395 est,

456 4427 578 4465 cum
614 4411 729 4464 iam
756 4426 874 4478 spes
900 4410 1083 4476 fracta
1112 4411 1325 4477 iaceret,
1356 4415 1481 4464 ante
1510 4414 1629 4464 tuos
1659 4410 1948 4464 tumulos
1975 4409 2252 4476 vivificata
2279 4414 2542 4475 manus“;
2569 4409 2656 4463 vel
2685 4409 2761 4462 ib.
2791 4428 2838 4462 v.
2873 4415 2972 4462 137
2985 4426 3064 4475 sq.

388 4512 393 4517 ·
460 4490 529 4544 de
566 4488 780 4543 femina
815 4489 954 4543 item
990 4488 1309 4559 paralytica
1346 4507 1541 4543 manu:
1579 4490 1992 4556 „commendata
2029 4494 2122 4543 tuo
2166 4488 2332 4543 rediit
2375 4489 2646 4545 medicata
2691 4490 3068 4558 sepulchro.-

455 4570 599 4640 quod
637 4570 703 4625 de
739 4575 910 4624 matre
945 4570 1105 4638 perit,
1144 4570 1209 4624 de
1247 4571 1455 4625 tumulo
1490 4571 1739 4640 recipit.“
1810 4569 1876 4622 Id
1913 4569 2065 4636 quod
2103 4584 2170 4623 ea
2205 4585 2405 4638 nempe
2442 4586 2502 4623 re
2541 4567 2877 4640 explicatur,
2915 4567 3067 4635 quod

461 4668 491 4704 e
534 4653 846 4720 martyrum
884 4649 1166 4719 sepulcro,
1204 4648 1264 4702 in
1300 4668 1410 4718 quo
1447 4649 1558 4721 ipsi
1605 4648 1769 4720 quasi
1803 4648 2133 4704 habitantes
2172 4648 2595 4722 cogitabantur,
2640 4646 2911 4722 imprimis
2956 4647 3069 4706 vim

466 4730 816 4787 salutiferam
853 4729 1002 4786 exire
1038 4730 1334 4802 putabant.
