3611 5264
538 289 623 354 56
1691 288 1874 359 Caput
1908 289 2000 343 IV.

1641 540 1886 625 Caput
1931 539 2041 606 IV.

1349 667 1441 732 De
1488 665 1905 733 incubatione
1953 665 2335 734 christiana.

718 810 1022 875 Erwinus
1061 809 1288 874 Rohde
1326 832 1443 874 nos
1483 809 1719 891 docuit,
1767 831 1893 892 qua
1930 809 2178 872 ratione
2218 809 2682 895 intellegendae
2719 811 2851 875 sint
2896 811 3150 875 fabulae

540 910 616 974 de
669 909 803 973 vita
848 930 922 972 ac
967 912 1174 972 morte
1221 907 1482 971 illorum
1530 907 1794 971 deorum
1850 907 2335 990 chthoniorum,
2392 908 2503 997 qui
2550 909 2619 972 in
2673 909 2959 974 cavernis
3006 909 3151 973 sub-

543 1007 853 1071 terraneis
899 1006 1265 1070 habitantes
1313 1005 1642 1068 divinandi
1688 1004 2060 1070 facultatem
2106 1027 2221 1089 per
2259 1006 2506 1070 somnia
2544 1007 2926 1072 mortalibus
2971 1030 3151 1091 prae-

542 1105 807 1188 bebant,
868 1126 999 1169 non
1063 1104 1364 1168 exstincti
1419 1125 1666 1187 revera,
1723 1104 1921 1191 immo
1980 1104 2137 1187 ipsis
2195 1104 2469 1168 oraculis
2524 1127 2732 1189 neque
2788 1128 2939 1170 vero
2996 1106 3150 1170 solis

543 1204 818 1269 oraculis
892 1203 1179 1266 viventes
1255 1201 1727 1292 quodammodo
1804 1205 1995 1285 atque
2071 1205 2384 1285 potentes
2502 1202 2692 1286 Epici
2766 1201 3152 1268 Graecorum

541 1306 787 1386 poetae,
834 1302 903 1364 in
959 1323 1232 1384 quorum
1289 1300 1679 1364 carminibus
1737 1298 2024 1383 Olympii
2078 1304 2351 1385 regnant
2406 1301 2508 1364 dei
2561 1301 2754 1365 hilari
2812 1301 3150 1385 splendore

540 1399 882 1485 fulgenteS,
910 1398 1254 1463 horribiles
1283 1402 1452 1462 atras
1490 1401 1697 1462 terrae
1736 1398 2171 1463 emanationes
2210 1398 2583 1485 intellegere
2619 1422 2753 1463 non
2786 1402 3152 1483 potuerunt.

541 1496 768 1582 Itaque
816 1520 962 1561 cum
1010 1498 1324 1562 eiusmodi
1372 1498 1710 1561 daemones
1759 1518 2108 1580 eorumque
2146 1496 2356 1561 cultus
2395 1498 2730 1579 praeteriri
2769 1497 2849 1561 ab
2898 1498 2978 1561 iis
3023 1520 3155 1562 non

544 1600 821 1679 possent,
869 1596 1040 1659 facta
1086 1594 1198 1658 illa
1244 1595 1369 1658 sibi
1418 1595 1633 1659 oblata
1679 1616 1825 1659 cum
1887 1594 2123 1658 fabulis
2179 1595 2313 1659 suis
2370 1596 2753 1659 studuerunt
2798 1599 3152 1660 conectere:

547 1694 612 1756 di
679 1693 971 1757 chthonii
1036 1685 1104 1756 in
1165 1692 1459 1757 homines
1525 1692 2089 1775 convertebantur,
2155 1692 2388 1776 quibus
2470 1697 2620 1777 post
2684 1694 2889 1777 ipsam
2953 1694 3153 1757 vitam

545 1791 867 1874 praeclare
906 1795 1228 1874 peractam
1277 1791 1477 1854 divini
1524 1790 1801 1854 honores
1850 1789 2302 1873 tribuerentur,
2350 1814 2429 1854 ex
2475 1791 2845 1856 hominibus
2892 1792 3154 1855 semidei

543 1890 784 1953 fiebant
831 1927 914 1934 —
962 1888 1217 1972 heroes,
1265 1888 1376 1972 qui
1431 1891 1705 1952 mortem
1759 1911 1895 1952 non
1941 1888 2378 1974 oppetierunt,
2435 1890 2546 1954 sed
2593 1890 2655 1954 in
2707 1894 3034 1955 aeternum
3081 1893 3155 1954 ut

545 1988 851 2070 viverent,
899 1985 1018 2049 sub
1067 1990 1304 2050 terram
1352 1989 1503 2050 sunt
1547 1986 1797 2051 remoti.
1814 1984 1863 2072 1)

543 2179 947 2249 Amphilochus
958 2178 1240 2247 Apollinis
1252 2177 1477 2249 γνήσιος
1489 2202 1502 2234 :
1522 2179 1704 2233 Tzetz.
1718 2181 1791 2233 ad
1801 2180 2072 2249 Lycophr.
2094 2186 2215 2235 440.
2237 2181 2392 2235 Idem
2404 2181 2683 2251 Apollinis
2696 2181 2985 2251 Δηραίνου
3005 2182 3156 2237 κύων

546 2261 676 2328 Lyc.
708 2266 814 2313 440
834 2262 900 2328 -1-
923 2259 1105 2313 Tzetz.
1165 2257 1325 2323 Quod
1356 2259 1507 2328 apud
1536 2259 1718 2313 Strab.
1748 2259 1877 2313 XIV
1898 2265 1948 2326 5,
1972 2267 2035 2314 17
2066 2280 2119 2330 p.
2144 2267 2246 2315 676
2285 2260 2495 2331 legitur
2523 2278 2590 2316 ex
2618 2261 2864 2317 Hesiodo
2891 2263 3157 2316 haustum

547 2340 985 2409 Amphilochum
1033 2339 1105 2392 ab
1153 2339 1415 2409 Apolline
1458 2339 1605 2393 Solis
1652 2339 2012 2395 interfectum
2050 2358 2189 2408 0000,
2228 2342 2480 2396 declarat
2524 2342 2619 2396 hic
2668 2360 2891 2411 quoque
2928 2342 2987 2395 in
3027 2343 3154 2396 reli-

547 2420 780 2489 gionum
819 2436 1089 2474 concursu
1124 2418 1335 2472 similia
1364 2419 1636 2474 accidisse
1666 2422 1837 2488 atque
1864 2421 2113 2491 Delphis,
2172 2421 2401 2490 Mopsus
2439 2422 2587 2476 filius
2626 2422 2930 2492 Apollinis:
2972 2422 3153 2478 Strab.

545 2500 673 2554 XIV
707 2507 756 2568 5,
781 2505 845 2553 16
893 2519 946 2568 p.
979 2505 1098 2554 675.
1151 2500 1334 2554 Tzetz.
1363 2501 1511 2569 'Lyc.
1543 2505 1663 2555 439.
1712 2499 1788 2555 ib.
1829 2507 1934 2554 440
1983 2499 2293 2571 (Δηραίνου
2348 2503 2498 2557 κύων
2546 2502 2692 2557 sicut
2737 2502 3154 2573 Amphilochus,

547 2580 676 2649 Lyc.
728 2586 832 2635 440
874 2582 939 2650 -Ι-
981 2579 1200 2651 Tzetz.).
1288 2579 1493 2637 Conon.
1552 2598 1698 2637 narr.
1758 2586 1805 2636 6.
1888 2581 2054 2636 Clem.
2104 2582 2262 2638 Alex.
2313 2581 2419 2639 Str.
2476 2583 2502 2636 I
2540 2589 2604 2636 21
2672 2590 2702 2651 ξ
2752 2589 2852 2637 134
2918 2584 3154 2655 saepius

548 2661 720 2716 Clarii
767 2660 1047 2731 Apollinis
1104 2661 1393 2715 oraculum
1437 2664 1619 2715 matre
1663 2664 1887 2716 mortua
1934 2662 2166 2732 accipit,
2216 2664 2421 2718 Conon.
2469 2663 2504 2718 1.
2546 2681 2587 2718 0.
2671 2664 2973 2718 Hemithea
3033 2683 3159 2719 cum

549 2741 811 2811 Apolline
850 2740 1210 2811 coniungitur
1246 2742 1409 2797 Diod.
1440 2742 1491 2795 V
1521 2749 1587 2796 62
1626 2742 1717 2812 (cf.
1747 2761 1799 2812 p.
1832 2749 1919 2809 40,
1950 2746 2019 2812 3).
2093 2742 2284 2796 Etiam
2339 2743 2715 2797 oneirocritici
2761 2744 3159 2800 Telmissenses

551 2823 624 2875 ab
678 2822 941 2892 Apolline
995 2822 1270 2892 originem
1322 2823 1620 2877 ducebant.
1663 2823 1731 2877 cf.
1783 2821 1973 2877 Odofr.
2023 2822 2228 2877 Miiller
2280 2823 2517 2878 Dorier²
2553 2824 2725 2878 1218.
2811 2824 3007 2893 Neque
3053 2827 3159 2879 hoc

548 2900 688 2954 satis
726 2901 860 2955 fuit:
899 2900 1197 2971 postremis
1234 2901 1581 2971 temporibus
1618 2902 1823 2971 Apollo
1861 2902 1983 2971 ipse
2022 2903 2251 2956 oracula
2297 2903 2566 2957 chthonia
2613 2903 2970 2973 occupavisse
3007 2905 3157 2959 vide-

547 2984 655 3036 tur.
732 2983 795 3033 In
858 2980 1070 3035 scholio
1124 2981 1391 3037 Nicandr.
1445 2982 1697 3038 Theriac.
1739 2989 1844 3036 614
1895 2982 2255 3037 inveniuntur
2300 2983 2462 3037 haec:
2515 2982 2781 3053 Ὀρόπεια
2835 2983 2943 3054 γὰρ
2999 2984 3159 3047 πόλις

554 3058 851 3128 Βοιωτίας,
909 3059 1050 3115 ὅπου
1107 3059 1517 3130 διασημότατον
1573 3063 1725 3131 ἱερὸν
1774 3060 2122 3124 Ἀπόλλωνος.
2199 3063 2287 3132 (cf.
2328 3063 2589 3117 Eutecnii
2642 3064 3029 3133 metaphrasin
3082 3066 3154 3117 ad

550 3146 793 3194 604-19
832 3159 884 3210 p.
917 3146 1020 3195 350
1051 3140 1129 3194 S„
1168 3138 1305 3210 παρ’
1342 3139 1693 3205 ’Λπόλλωνος
1726 3152 1827 3198 τοῦ
1867 3143 1928 3198 ἐν
1964 3148 2038 3215 τῷ
2068 3140 2338 3215 Ὠρωπῷ.)
2402 3143 2614 3198 Tamen
2653 3160 2718 3197 eo
2755 3145 2878 3198 loco
2907 3161 3021 3199 non
3047 3144 3160 3199 nisi

549 3219 879 3290 Amphiarai
907 3238 1126 3275 sacrum
1155 3222 1368 3275 clarum
1397 3223 1672 3277 exstabat.
1737 3223 2015 3292 Apollinis
2043 3240 2248 3277 nomen
2275 3224 2335 3276 in
2363 3223 2547 3293 prima
2577 3241 2707 3279 arae
2735 3224 2888 3278 illius
2916 3242 3159 3295 magnae

555 3302 717 3371 parte
765 3299 1098 3369 inscriptum
1142 3300 1316 3354 fuisse
1364 3318 1498 3355 00110
1545 3305 1631 3357 est
1673 3306 1899 3372 notum,
1937 3304 2098 3358 Paus.
2129 3305 2156 3356 I
2185 3310 2269 3374 34,
2301 3310 2359 3372 33
2417 3305 2516 3358 sed
2563 3305 2632 3359 de
2680 3305 2951 3376 ampliore
3000 3306 3156 3360 cultu

551 3382 672 3435 eius
709 3380 854 3433 nihil
891 3380 1161 3449 traditur,
1211 3382 1421 3434 nedum
1466 3382 1536 3435 de
1582 3383 1916 3452 Amphiarai
1961 3401 2117 3438 sacro
2165 3387 2453 3455 occupato,
2529 3385 2723 3441 Nihilo
2769 3386 2954 3440 minus
3002 3386 3160 3440 illam

556 3459 756 3514 scholii
792 3459 1100 3514 Nicandrei
1136 3463 1329 3515 notam
1366 3461 1480 3515 iam
1517 3480 1629 3517 non
1665 3463 1801 3518 licet
1838 3465 2154 3535 neglegere,
2193 3482 2320 3519 cum
2355 3465 2623 3536 inspicias
2663 3466 2852 3536 Steph.
2883 3467 3014 3536 Byz.
3047 3485 3087 3522 0.
3109 3487 3157 3521 v.

556 3540 775 3611 Τεγύρα
820 3560 873 3610 p.
907 3547 1027 3610 611,
1057 3548 1222 3610 3000.
1300 3542 1712 3597 Enumerantur
1756 3544 1851 3597 hic
1895 3544 2125 3612 quidem
2181 3563 2249 3600 ea
2294 3546 2444 3615 loca,
2491 3546 2696 3614 quibus
2744 3546 2946 3620 Apollo
2993 3550 3159 3601 natus

557 3637 678 3675 esse
716 3621 1063 3687 tradebatur,
1102 3624 1223 3675 tum
1259 3622 1513 3692 pergitur
1548 3624 1654 3677 hoc
1691 3625 1883 3678 modo:
1933 3625 2318 3697 Καλλισθένης
2363 3626 2425 3681 ἐν
2469 3625 2634 3699 τρίτῳ
2680 3635 2791 3681 τῶν
2821 3624 3159 3697 Ἑλληνικῶν

558 3697 705 3756 εἶναι
743 3700 975 3769 μαντεῖά
1015 3719 1152 3772 φησι
1188 3705 1282 3771 (sc.
1312 3694 1632 3772 Apollinis),
1675 3704 1767 3758 ‘vo
1807 3703 1908 3774 μὲν
1938 3703 2220 3773 Ἰσμήνιον
2266 3706 2327 3761 ἐν
2379 3705 2620 3778 Θήβαις,
2665 3707 2728 3761 τὸ
2778 3705 2842 3761 δὲ
2884 3709 3158 3776 Τροφώ-

551 3801 702 3836 νιον
740 3781 766 3835 ἐ
778 3803 811 3836 ν
849 3780 1218 3857 Λεβαδείᾳ,
1256 3783 1319 3836 τὸ
1358 3781 1420 3836 δὲ
1459 3783 1521 3837 ἐν
1552 3780 1732 3854 Ἀβαῖς
1768 3784 2066 3854 λεγόμενον
2104 3785 2164 3840 ἐν
2206 3789 2477 3855 Φωκεῦσι,
2515 3787 2577 3841 τὸ
2626 3784 2688 3840 δὲ
2726 3788 3061 3856 κυριώτερον
3099 3786 3160 3841 ἐν

554 3865 812 3930 Δελφοῖς,
852 3859 880 3916 ὃ
919 3864 1014 3917 καὶ
1043 3862 1278 3932 μάλιστά
1317 3880 1455 3931 φασι
1485 3862 1967 3933 μεμαρτυρηκέναι
1994 3865 2095 3935 τὴν
2126 3865 2186 3920 ἐν
2220 3866 2437 3940 Τεγύρᾳ
2477 3870 2570 3936 (00.
2602 3864 2914 3936 γένεσινῖ).’
2955 3867 3159 3937 Apollo

551 3941 844 3995 Lebadeae
882 3960 1101 3996 sacrum
1146 3943 1397 3997 habebat
1433 3943 1618 4012 (Paus,
1649 3944 1725 3997 IX
1755 3950 1841 4011 39,
1870 3948 1923 4014 4)
1971 3945 2134 4013 010110
2172 3946 2319 3999 inter
2366 3946 2506 4001 alios
2556 3947 2688 4001 deos
2736 3948 3160 4001 sacrificabatur

552 4024 683 4074 ante
744 4022 1071 4076 descensum
1141 4023 1551 4077 instituendum
1610 4024 1706 4093 (ib.
1748 4031 1833 4091 39,
1872 4028 1941 4094 ὅ).
2029 4025 2075 4078 Ε
2126 4025 2250 4080 1000
2316 4025 2491 4080 citato
2558 4026 2811 4095 sequitur
2881 4027 3159 4082 exstitisse

553 4099 872 4169 opinionem
908 4103 1193 4168 quandam
1232 4105 1300 4157 de
1333 4103 1591 4174 Apolline
1630 4105 1848 4159 oraculi
1877 4105 2168 4159 cuiusdam
2196 4106 2501 4175 Trophonii
2529 4106 2907 4161 Lebadeensis
2944 4125 3160 4178 posses-

552 4197 701 4247 sore,
749 4198 1088 4249 quamquam
1135 4184 1308 4236 verba
1358 4183 1460 4237 illa
1511 4184 1666 4254 apud
1715 4184 1900 4254 ipsum
1948 4185 2347 4240 Callisthenem
2394 4187 2468 4256 (h.
2518 4202 2562 4241 e.
2612 4187 2920 4241 Alexandri
2965 4187 3160 4259 Magni

549 4259 916 4329 temporibus)
952 4260 1044 4313 vix
1081 4262 1441 4332 legebantur,
1481 4264 1581 4319 sed
1617 4268 1818 4334 postea
1861 4265 2197 4335 interposita
2242 4282 2363 4321 esse
2410 4266 2688 4323 videntur.
2765 4268 2988 4338 (Apollo
3026 4268 3161 4322 Tro-

549 4340 791 4410 phonius
828 4341 1191 4409 responderet
1226 4359 1308 4398 ex.
1350 4362 1430 4414 gr.
1460 4344 1712 4414 Apollini
1750 4340 2220 4415 Sarpedonio‚⁴de
2249 4363 2359 4414 quo
2397 4365 2449 4402 v.
2480 4346 2628 4401 infra
2663 4367 2716 4417 p.
2751 4350 2892 4418 101.)
2950 4348 3161 4403 Scholii

554 4419 859 4474 Nicandrei
897 4424 956 4475 et
993 4420 1266 4491 Stephani
1304 4424 1567 4492 Byzantii
1601 4428 1773 4479 notae
1819 4425 1968 4480 inter
2014 4443 2073 4480 se
2122 4426 2354 4495 aliquid·
2387 4427 2607 4481 addunt
2652 4428 2809 4482 111010.
2851 4461 2917 4468 -
2955 4429 3038 4483 De
3076 4428 3160 4481 in-

554 4500 851 4555 cubatione
888 4501 1013 4570 ipsa
1049 4501 1110 4556 in
1156 4502 1435 4572 Apollinis
1481 4505 1693 4575 templo
1738 4506 1951 4559 Romae
1998 4505 2212 4560 usitata
2258 4508 2537 4577 conferas,
2586 4525 2731 4577 quae
2779 4526 2947 4579 supra
2987 4510 3162 4563 adno-

553 4580 794 4633 tavimus
833 4581 893 4634 in
930 4582 1117 4651 capite
1158 4582 1334 4636 altero
1371 4602 1424 4652 p.
1457 4590 1541 4652 32,
1574 4593 1619 4640 1.
1661 4586 1729 4641 cf.
1759 4605 1813 4655 p.
1846 4592 1931 4651 33,
1964 4593 2008 4640 1.

734 4663 784 4730 1)
824 4661 891 4716 cf.
930 4660 1203 4731 imprimis
1242 4662 1484 4731 Psyche'
1511 4665 1537 4716 I
1559 4684 1612 4735 p.
1647 4672 1763 4720 123.
