3611 5264
1163 337 1246 391 De
1285 337 1529 391 carmine
1565 337 1838 406 Delphico
1876 335 2197 406 EuripideO.
2956 335 3043 399 55

439 501 609 566 1255
657 502 837 566 verbi
885 505 1157 586 φαίνειν
1202 501 1648 586 compositum,
1692 503 2097 587 προφαίνειν
2143 500 2339 565 verbo
2381 499 2607 584 simile,
2653 501 2724 564 in
2766 504 3048 564 mentem

433 604 708 665 venerat.

609 699 902 783 Denique
958 698 1391 763 Eumenidum
1447 697 1623 762 locos
1682 697 2028 761 nonnullos
2083 697 2421 781 adscripsi,
2488 697 2599 781 qui
2655 718 2800 760 cum
2854 696 3047 760 rebus

435 798 649 862 allatis
717 797 1167 861 consentirent.
1275 796 1447 862 Nam
1512 796 1706 860 etiam
1770 797 1942 880 apud
2003 794 2398 878 Aeschylum
2472 795 2709 859 similia
2773 795 3046 859 inveniri

431 900 927 960 consentaneum
982 898 1094 959 est.
1195 894 1523 978 Imprimis
1579 915 1800 958 versus
1866 895 1953 958 20
1969 917 2104 979 sqq.
2152 895 2583 959 Eumenidum
2657 893 2846 977 plane
2902 915 3045 958 con-

436 998 679 1079 gruunt
726 1015 871 1058 cum
917 992 1247 1057 nonnullis
1305 992 1596 1057 versibus
1651 992 1879 1075 hymni
1924 990 1981 1076 I,
2038 1015 2199 1076 quos
2208 1044 2226 1077 ,
2283 1014 2670 1076 quamquam
2726 1014 2861 1055 rem
2916 992 3044 1055 iam

440 1092 661 1177 attigit
709 1090 974 1156 Crusius
1021 1089 1128 1178 (D.
1177 1090 1387 1174 delph.
1434 1090 1737 1174 Hymnen
1782 1113 1844 1174 p.
1881 1088 2027 1178 26),
2073 1095 2146 1155 ut
2193 1092 2523 1155 commode
2580 1090 2856 1156 conferri
2901 1112 3044 1174 pos—

437 1190 584 1274 sint,
630 1211 1026 1273 componam.

693 1382 921 1450 Aesch.
961 1384 1147 1449 Eum.
1188 1385 1275 1449 2Ο
1292 1407 1427 1469 sqq.
2208 1384 2507 1468 Hymnus
2554 1384 2600 1448 I.

428 1484 706 1559 τούτους
779 1483 852 1548 ἐν
926 1483 1149 1567 εὐχαῖς
1236 1485 1705 1569 φροιμιάζομαι
1761 1482 1847 1546 25
1866 1505 2001 1566 sqq.
2025 1483 2190 1548 ὅθεν
2229 1487 2585 1568 Τριτογενῆ
2628 1488 2695 1547 Π
2706 1508 2744 1569 ρ
2758 1508 2793 1548 ο
2807 1507 2899 1547 να
2913 1487 3042 1546 ιάν

516 1581 739 1657 θεούς.
1834 1580 1910 1665 ἐμ
1925 1577 2352 1667 μαντείοις(Ῥ)
2369 1580 2643 1665 ἁ[γ]ίοις
2671 1580 2886 1664 σέβων
2905 1585 3041 1645 κτλ.

428 1681 752 1755 Παλλὰς
808 1682 1170 1763 Προναία
1227 1677 1286 1743 δ’
1353 1678 1427 1744 ἐν
1482 1683 1706 1763 λόγοις

514 1778 963 1863 πρεσβεύεται.

1877 1873 1984 1962 (cf.
2024 1877 2341 1951 Παλλὰς
2379 1898 2435 1938 v.
2479 1875 2559 1938 19
2600 1877 2665 1939 et
2701 1872 2796 1937 ΠΙ
2826 1871 2916 1960 9.)

427 1971 596 2057 σέβω
644 1970 717 2037 δὲ
763 1974 1106 2058 νύμφας,
1142 1975 1314 2037 ἔνθα
1343 1972 1706 2060 Κωρυκὶς
1761 1973 1846 2036 33
1864 1995 1999 2057 sqq.
2031 1974 2408 2059 δωροῦνται
2446 1971 2526 2037 δέ
2550 1969 2681 2059 σ(ε)
2714 1971 3039 2036 ἀθάνατοι

513 2070 758 2157 πέτρα
804 2074 1027 2155 κοίλη
1057 2122 1071 2136 .
1101 2122 1114 2135 .
1147 2122 1161 2136 .
1851 2072 2287 2135 Ποσειδῶν
2379 2070 2610 2153 ἁγνοῖς
2710 2067 3042 2152 δαπέδοις,

428 2173 775 2255 Βρόμιος
820 2171 952 2253 ἔχει
998 2171 1116 2234 τὸν
1162 2181 1552 2257 χῶρον...
1851 2170 2183 2254 Νύμφαι
2264 2170 2817 2254 Κωρυκίοισιν
2908 2169 3040 2231 ἄν-

1850 2291 2098 2353 τροις,
2165 2267 2231 2350 ἰὴ
2298 2262 2354 2331 ῐὲ
2411 2267 2656 2349 Παιάν,
2719 2263 3042 2351 τριετέσιν

744 2403 832 2411 --
1295 2403 1383 2411 —
1842 2376 2087 2449 φαναῖς
2124 2366 2489 2449 Βρόμιος.

427 2468 761 2529 Πλειστοῦ
834 2487 903 2528 τε
964 2465 1179 2548 πηγὰς
1241 2461 1351 2528 καὶ
1413 2468 1494 2527 ’Π
1497 2480 1626 2528 οσε
1643 2488 1704 2527 ι-

519 2562 559 2625 δ
571 2572 770 2639 ῶνος
823 2561 1062 2647 κράτος
1106 2566 1402 2626 καλοῦσα
1448 2559 1558 2625 καὶ
1604 2558 1704 2625 τέ-

515 2665 696 2725 λειον
742 2660 1083 2736 ὕψιστον
1128 2662 1300 2724 Δία.
1763 2660 1821 2723 7.
1872 2659 2121 2742 Ζηνὸς
2174 2657 2517 2736 ὑψίστου
2573 2658 2685 2742 (sc.
2733 2654 3039 2742 ἄγαλμα).

601 2863 828 2949 Itaque
877 2886 955 2928 ex
1000 2864 1103 2928 his
1152 2885 1433 2948 quoque,
1480 2885 1642 2946 quae
1698 2862 2035 2926 attulimus
2092 2862 2161 2925 in
2214 2860 2338 2925 hoc
2392 2859 2702 2947 capitulo,
2761 2865 2835 2926 ut
2891 2864 3040 2926 sunt

428 2984 652 3048 pauca,
712 2964 803 3027 ita
859 2962 1090 3048 elucet,
1148 2965 1459 3046 quantum
1523 2961 1593 3024 in
1653 2958 1877 3023 Graeci
1937 2958 2162 3043 populi
2227 2959 2361 3023 vita
2421 2959 2740 3023 valuerint
2800 2959 3039 3041 Delphi

433 3064 624 3144 atque
683 3062 925 3146 omnia,
982 3082 1144 3144 quae
1200 3082 1346 3124 cum
1402 3059 1527 3123 hoc
1579 3059 1841 3122 nomine
1896 3058 2396 3144 coniungantur,
2452 3079 2568 3121 nec
2623 3058 2860 3120 mirum
2915 3056 3039 3120 hoc

429 3157 571 3223 loco
619 3158 991 3243 Apollinem
1046 3182 1191 3223 eum
1247 3160 1489 3223 factum
1537 3179 1673 3221 esse
1728 3157 1944 3242 deum,
1997 3157 2135 3241 „cui
2192 3156 2419 3239 reliqui
2472 3156 2541 3221 di
2595 3157 3037 3234 concessissent,

428 3262 499 3321 ut
528 3263 781 3339 praeter
826 3264 1044 3323 ceteros
1085 3258 1399 3324 divinaret
1410 3255 1446 3289 “
1462 3254 1531 3341 1).

609 3539 660 3607 1)
698 3536 808 3592 Cic.
849 3537 1070 3593 Tuscul.
1100 3538 1127 3591 1
1153 3543 1240 3604 47,
1263 3542 1380 3591 114.
1445 3536 1702 3606 Exempli
1729 3536 1917 3606 gratia
1947 3536 2013 3590 cf.
2046 3535 2174 3590 Eur.
2204 3536 2319 3590 Ion.
2349 3553 2398 3590 v,
2429 3541 2533 3589 407
2552 3553 2651 3602 sq.,
2690 3533 2789 3588 ubi
2817 3534 3037 3589 Xuthus

433 3620 502 3672 de
542 3616 881 3687 Trophoni0,
919 3634 1087 3685 quem
1123 3620 1256 3671 ante
1291 3616 1611 3686 Apollinem
1640 3616 2012 3685 consuluerat,
2042 3615 2205 3670 dicit:
2245 3615 2347 3669 οὐκ
2375 3613 2571 3683 ἠξίωσε
2598 3622 2697 3668 τοῦ
2733 3617 2876 3668 θεοῦ
2904 3633 3036 3682 προ-

431 3698 737 3771 λαμβάνειν
766 3695 1139 3767 μαντεύμαθ’.
1196 3697 1302 3751 Vel
1329 3697 1491 3751 Paus.
1523 3697 1627 3750 VH
1654 3702 1704 3762 5,
1727 3702 1775 3766 3,
1815 3696 1914 3750 ubi
1942 3694 2234 3765 Smyrnaei
2264 3712 2403 3764 quos
2440 3693 2760 3748 Alexander
2796 3694 3037 3764 Magnus

429 3779 490 3832 in
527 3781 744 3849 Pagum
780 3781 1030 3833 montem
1075 3778 1370 3832 traducere
1415 3793 1516 3848 per
1557 3776 1898 3832 insomnium
1935 3794 1969 3831 a
2004 3775 2340 3831 Nemesibus
2388 3773 2571 3828 iussus
2620 3776 2707 3827 est
2742 3773 2830 3844 (cf.
2871 3791 3039 3843 supra

424 3878 477 3928 p.
511 3866 540 3913 7
578 3860 728 3929 adn.)
767 3859 1015 3914 Clarium
1053 3858 1353 3913 consulunt
1379 3856 1714 3927 Apollinem,
1752 3856 1852 3926 qui
1890 3856 2207 3911 assentitur.
2282 3855 2357 3909 Iis
2395 3855 2551 3920 locis,
2589 3852 2793 3922 quibus
2832 3853 3037 3923 Apollo

427 3948 552 3984 cum
612 3929 853 3985 oraculis
904 3947 1005 4001 per
1060 3947 1315 3984 somnum
1369 3927 1809 3982 vaticinantibus
1865 3929 2174 3997 concurrit,
2225 3928 2343 3981 fere
2401 3927 2700 3979 daemones
2759 3925 2852 3978 vel
2903 3926 3037 3980 deos

426 4010 720 4064 chthonios
758 4011 861 4064 sub
898 4013 1241 4079 potestatem
1269 4025 1428 4063 suam
1455 4007 1682 4077 redigit,
1719 4008 1780 4061 id
1810 4010 1961 4077 quod
1990 4008 2354 4078 significatur,
2393 4023 2520 4059 cum
2548 4004 2607 4058 di
2643 4003 2730 4057 illi
2757 4005 3038 4075 Apollinis

429 4089 531 4142 filii
568 4089 942 4145 nominantur.
1017 4088 1371 4159 Trophonius
1408 4087 1687 4157 Apollinis
1716 4088 1889 4144 filius:
1928 4089 2091 4143 Paus,
2131 4088 2209 4141 IX
2249 4093 2334 4153 37,
2355 4091 2403 4141 5.
2462 4083 2723 4140 Philostr.
2754 4085 2820 4141 V.
2851 4085 3035 4156 Apoll.

425 4169 553 4223 VIII
585 4176 668 4236 19,
687 4187 740 4238 p.
764 4174 884 4236 335,
903 4176 983 4225 12.
1007 4171 1074 4225 cf.
1099 4169 1160 4225 Ο.
1182 4169 1387 4223 Mffller
1415 4167 1671 4223 Orchom.
1692 4186 1743 4223 u.
1768 4169 1820 4223 d.
1842 4168 2090 4238 Minyer²
2107 4188 2162 4238 p.
2178 4174 2293 4222 143.
2334 4166 2642 4236 Trophonii
2661 4166 2949 4220 oraculum
2970 4183 3036 4220 ex

427 4248 709 4320 Apollinis
729 4248 945 4303 monitu
966 4249 1267 4320 detegitur,
1305 4250 1468 4304 Paus.
1489 4248 1672 4316 1X40‚
1696 4255 1802 4303 1.2.
1828 4249 1997 4304 schol.
2037 4249 2128 4304 Ar.
2168 4247 2314 4300 Nub.
2346 4251 2449 4300 508
2468 4246 2561 4300 111.
2600 4246 2952 4315 Trophonius
2982 4249 3039 4299 et

425 4329 741 4401 Agamedes
777 4332 1006 4400 propter
1041 4330 1313 4399 templum
1339 4328 1574 4397 Delphis
1614 4328 1972 4382 aedificatum
1999 4329 2090 4398 (cf.
2121 4343 2291 4396 supra
2318 4345 2371 4396 p.
2397 4332 2463 4380 19
2500 4327 2649 4395 adn.)
2688 4325 3037 4380 vaticinandi

430 4413 639 4467 donum
676 4409 975 4479 recipiunt,
1014 4410 1241 4465 Cosmas
1280 4411 1354 4464 ad
1392 4410 1554 4479 Greg.
1585 4408 1721 4463 Naz.
1753 4425 1921 4463 carm.
1952 4414 2020 4461 64
2058 4407 2251 4477 Migne
2288 4407 2438 4461 Patr.
2470 4425 2551 4477 gr.
2581 4409 2621 4460 t.
2654 4411 2720 4459 38
2750 4425 2804 4476 p.
2835 4411 2938 4460 513
2968 4431 3036 4450 ==

427 4490 793 4562 Spicilegium
837 4490 1152 4545 Romanum
1189 4491 1276 4545 ed.
1323 4490 1466 4560 Ang.
1515 4489 1632 4543 Mai
1659 4490 1700 4543 t.
1730 4489 1783 4541 H
1810 4507 1864 4557 p.
1898 4493 2016 4542 184.
2091 4486 2467 4556 Amphiaraus
2518 4485 2800 4556 Apollinis
2859 4484 3031 4537 filius:

426 4572 630 4642 Hygin.
653 4571 768 4625 fab.
794 4576 896 4624 128
923 4589 978 4641 p.
1009 4576 1127 4639 111,
1148 4577 1218 4624 24
1244 4570 1514 4624 Schmidt.
1553 4570 1871 4639 „tripodum
1888 4585 2059 4623 comes
2078 4574 2127 4623 et
2139 4569 2273 4637 pius
2291 4568 2429 4623 artis
2447 4568 2707 4621 alumnus
2734 4565 3035 4620 aetheriae“

428 4650 726 4721 (Apollinis
773 4650 965 4720 verba)
1018 4651 1158 4706 Stat.
1199 4649 1373 4703 Theb.
1412 4649 1489 4704 VI
1527 4655 1593 4703 37
1599 4655 1629 4703 8
1642 4666 1722 4718 sq.
1761 4647 1939 4710 ἀνιεὶς
1982 4647 2085 4717 τὴν
2130 4647 2381 4717 κεφαλὴν
2424 4645 2720 4700 Ἀπόλλωνι
2770 4643 3031 4699 Philostr.

434 4731 531 4788 Im.
549 4732 575 4784 Ι
598 4737 664 4785 27
685 4751 740 4803 p.
763 4737 885 4801 332,
906 4737 990 4786 23.
1039 4729 1229 4786 Croesi
1254 4730 1402 4784 dona
1433 4730 1493 4784 in
1529 4728 1811 4801 Apollinis
1842 4728 2071 4783 Ismenii
2100 4727 2311 4798 templo
2341 4726 2619 4781 collocata
2655 4724 2858 4779 Herod.
2892 4724 2918 4776 Ι
2946 4729 3030 4777 52.
