3611 5264
549 331 636 394 94
1692 328 1877 398 Caput
1910 328 2001 383 IV.

547 494 1001 559 celeberrimus
1057 493 1142 558 sit
1198 493 1553 557 institutus.
1645 491 1909 557 Etenim
1965 492 2356 558 monendum
2413 497 2512 557 est
2557 491 2804 557 cultum
2852 491 3038 557 illum
3084 492 3167 557 ab

550 593 816 659 ecclesia
863 591 1300 657 Alexandrina
1312 588 1363 677 ¹)
1411 591 1515 656 vel
1560 591 1778 675 potius
1828 612 1866 654 a
1914 589 2158 675 Cyrillo
2207 591 2525 675 episcopo
2555 613 2632 655 ex
2678 590 2911 673 nihilo,
2956 595 3031 655 ut
3077 591 3170 656 ita

550 692 854 774 dicamus,
882 692 1126 755 factum
1157 712 1310 754 esse.
1385 688 1486 753 Ex
1525 688 1623 772 iis,
1662 711 1824 772 quae
1854 711 2047 773 supra
2074 712 2134 773 p.
2158 688 2241 752 89
2259 710 2394 772 666.
2431 691 2642 755 fontes
2681 689 2883 754 secuti
2922 711 3169 754 enarra-

547 790 777 873 vimus,
822 790 945 854 hoc
993 788 1249 872 quidem
1298 787 1453 853 satis
1491 787 1783 853 clarescit
1829 787 1898 852 in
1932 787 2075 852 vico
2113 786 2442 853 Menuthis
2480 809 2802 873 paganum
2849 788 3168 871 quendam

550 888 872 952 exstitisse
933 887 1208 969 cultum,
1266 885 1377 969 qui
1434 884 1736 951 ecclesiae
1792 885 2175 951 christianae
2235 886 2516 950 maximo
2572 889 2708 950 erat
2765 886 3168 951 detrimentO.
3250 911 3257 920 ·

547 986 774 1069 Neque
822 985 993 1050 enim
1031 984 1242 1049 solum
1282 1007 1316 1048 e
1353 983 1614 1069 regione
1651 982 1781 1068 illa,
1819 983 1933 1048 ubi
1969 986 2325 1067 martyrum
2361 1005 2496 1049 non
2540 984 2850 1049 haberent
2897 1006 3169 1067 sacrum,

548 1085 845 1149 abierunt
873 1082 1208 1148 christiani
1225 1079 1297 1169 ²),
1326 1081 1437 1145 sed
1465 1081 1592 1165 ipsi
1622 1102 1877 1164 quoque
1906 1103 2018 1165 spe
2055 1082 2455 1166 recipiendae
2491 1082 2785 1147 sanitatis
2822 1080 3082 1165 pellecti
3111 1083 3167 1146 si

548 1183 791 1247 morbis
839 1181 1117 1266 correpti
1155 1184 1354 1264 erant,
1392 1179 1471 1243 ad
1506 1200 1908 1266 paganorum
1945 1179 2261 1263 templum
2299 1203 2366 1245 se
2404 1180 2834 1245 conferebant.
2918 1177 3038 1243 cui
3073 1181 3169 1244 rei

550 1303 689 1345 eam
727 1284 983 1345 tantum
1032 1277 1345 1343 medelam
1393 1276 1608 1341 afferri
1654 1298 1845 1361 posse
1891 1277 2165 1360 denique
2211 1277 2532 1343 intellexit
2580 1276 2877 1362 Cyrinus,
2922 1281 2997 1342 ut
3043 1300 3161 1362 pro

549 1379 668 1443 deo
699 1378 953 1443 ethnico
984 1376 1206 1442 eodem
1234 1376 1377 1442 loco
1408 1374 1906 1440 christianorum
1934 1376 2377 1440 institueretur
2403 1379 2760 1460 martyrum
2790 1375 3019 1459 cultus,
3048 1374 3161 1458 qui

550 1477 772 1541 itidem
836 1476 976 1540 Deo
1043 1480 1261 1540 tamen
1319 1474 1610 1538 adiutore
1676 1473 2104 1557 omnipotenti
2169 1494 2391 1538 sanare
2451 1478 2716 1558 possent
2780 1477 3078 1559 aegrotos
3091 1470 3160 1560 3).

549 1575 775 1658 Itaque
823 1596 984 1659 opus
1034 1578 1169 1638 erat
1215 1572 1463 1655 aliquos
1513 1593 1816 1655 quaerere
1853 1576 2167 1655 martyres
2177 1569 2251 1659 4).
2334 1568 2550 1654 Atque
2597 1571 2844 1636 invenit
2883 1570 3164 1655 Cyrillus

551 1672 620 1736 in
667 1694 714 1735 s.
761 1669 1193 1757 evangelistae
1248 1669 1451 1734 Marci
1512 1690 1691 1735 sacro
1747 1667 2184 1736 Alexandrino
2242 1670 2514 1733 duorum
2572 1670 2976 1753 ‘martyrum'
3023 1668 3169 1732 1611-

551 1770 733 1852 611166
778 1790 986 1852 1166116
1030 1790 1184 1833 vero
1231 1768 1400 1832 inter
1447 1789 1515 1831 se
1562 1767 1888 1852 discretas,
1935 1767 2026 1832 ita
2060 1771 2134 1832 ut
2172 1767 2550 1833 coniunctae
2592 1771 2806 1832 essent
2842 1771 3169 1851 transpor-

548 1868 777 1932 tandae
789 1865 859 1954 5).
905 1866 1220 1950 Martyres
1250 1865 1350 1930 illi
1384 1865 1573 1950 plane
1612 1869 1791 1931 erant
1828 1865 2067 1951 ignoti:
2105 1887 2251 1931 cum
2288 1866 2552 1931 nomina
2588 1887 2810 1930 66111111
2849 1888 2887 1930 6
2924 1863 3167 1948 Cyrillo

550 1967 619 2031 in
665 1969 950 2030 extrema
996 1965 1284 2030 oratione
1331 1964 1536 2048 pridie
1584 1963 1720 2029 61116
1768 1964 1913 2048 (1161,
1962 1987 2087 2048 6116
2135 1963 2347 2029 cultus
2393 1963 2792 2029 sollemniter
2827 1963 3166 2029 institutus

550 2068 673 2149 est,
731 2061 1016 2150 1161111166)
1072 2062 1314 2147 populo
1378 2062 1784 2127 nuntiantur:
1838 2068 2199 2129 καλοῦνται
2263 2059 2338 2128 δὲ
2402 2066 2629 2148 Κῦρος
2690 2060 2801 2127 καὶ
2856 2059 3169 2144 Ἰωάννης

550 2161 687 2249 (Sp.
725 2161 802 2225 R.
840 2159 936 2225 IV
972 2158 1161 2247 250),
1206 2164 1347 2225 tum
1394 2160 1635 2244 omnia,
1692 2182 1853 2243 quae
1900 2161 1977 2225 de
2024 2183 2245 2225 66111111
2292 2160 2427 2224 vita
2473 2164 2538 2224 et
2581 2160 2896 2244 martyrio
2943 2163 3169 2243 postea

549 2258 970 2324 tradebantur
1030 2279 1317 2341 quaeque
1365 2259 1621 2343 scriptis
1675 2281 1735 2342 p.
1775 2258 1880 2342 89,
1911 2258 1947 2321 7
2006 2281 2044 2322 a
2100 2258 2290 2324 nobis
2345 2259 2734 2324 enumeratis
2790 2259 3041 2340 insunt,
3088 2256 3168 2320 ad

552 2379 753 2421 unum
791 2359 1129 2423 recurrunt
1164 2356 1589 2422 clarissimum
1627 2355 1813 2420 illum
1852 2358 2222 2441 episcopum
2260 2355 2769 2422 Alexandrinum
2781 2355 2852 2444 Ὺ).
2919 2355 3038 2421 Cui
3074 2354 3167 2419 rei

553 2455 965 2520 declarandae
1040 2455 1371 2542 egregium
1446 2455 1690 2521 accedit
1762 2454 2208 2520 testimonium
2272 2456 2341 2520 in
2418 2452 2768 2539 Sophronii
2840 2452 3166 2519 miraculis

549 2554 738 2618 nobis
805 2558 1129 2618 servatum
1206 2550 1348 2641 (29,
1390 2552 1563 2617 3508
1585 2551 1734 2641 sq.):
1808 2551 2164 2617 Athanasia
2228 2553 2538 2637 quaedam
2603 2554 2698 2629 εἰς
2762 2557 2995 2639 Κῦρον
3057 2549 3166 2617 καὶ

552 2652 860 2735 Ιωάννην
906 2655 1134 2716 πίστιν
1179 2651 1301 2717 οὐκ
1362 2654 1603 2736 ἔχουσα
1662 2703 1677 2718 .
1724 2702 1738 2717 .
1786 2653 2031 2729 αὐτοὺς
2085 2650 2419 2740 ἐκωμῴδει
2466 2655 2872 2738 συχνότερον
2916 2650 3024 2717 καὶ
3069 2652 3159 2735 μὴ

550 2746 720 2816 εἶναι
774 2748 1112 2836 μάρτυρας
1168 2752 1392 2832 ἔλεγεν
1444 2747 1610 2834 μηδὲ
1665 2753 1777 2816 διὰ
1833 2751 2129 2836 Χριστὸν
2180 2748 2547 2833 ἠθληκέναι
2602 2749 2643 2833 ἢ
2708 2757 2957 2816 παθεῖν
3011 2748 3164 2813 ἁπε-

549 2850 826 2932 φήνατο,
874 2847 910 2911 ὃ
957 2857 1072 2931 τῆς
1118 2845 1392 2931 ἐσχάτης
1436 2846 1617 2912 ἐστὶν
1661 2848 2075 2932 ἀθλιότητος.
2124 2853 2251 2913 εἴτε
2297 2844 2372 2912 δὲ
2425 2848 2643 2933 πλάνῃ
2699 2845 2835 2913 τινὶ
2890 2870 3167 2934 κρατου-

549 2946 713 3032 με’νη
759 2944 868 3011 καὶ
917 2947 1259 3030 φάσμασιν
1293 2944 1706 3028 Ἑλληνικοῖς
1750 2945 2207 3012 ὑποκλίνουσα
2254 2944 2427 3010 οὕτω
2474 2947 2634 3022 τοὺς
2671 2945 2903 3028 ἁγίους
2948 2943 3166 3010 διέσυ-

551 3069 696 3131 ρεν,
759 3051 889 3109 εἴτε
948 3040 1023 3109 δὲ
1088 3045 1335 3129 φρενὸς
1395 3041 1506 3108 καὶ
1568 3046 1847 3131 καρδίας
1900 3044 2215 3128 ἁπλότητι
2283 3044 2395 3109 διὰ
2458 3045 2533 3108 τὸ
2606 3045 2705 3128 μὴ
2779 3042 3165 3129 φέρεσθαι

549 3145 862 3229 γραφὴν
904 3143 1043 3225 τὴν
1085 3137 1281 3227 ὑπὲρ
1321 3146 1667 3227 Χριστοῦ
1714 3142 1842 3208 καὶ
1889 3144 2029 3226 τὴν
2065 3145 2510 3228 μαρτυρίαν
2553 3141 2742 3226 ἡμῖν
2777 3138 3165 3224 ἀπαγγέλ-

550 3246 874 3324 λουσαν,
920 3243 1171 3325 μόνην
1215 3236 1299 3304 δὲ
1345 3248 1578 3305 τοῦτο
1624 3244 1821 3324 βοᾶν
1874 3250 2013 3306 τοῦ
2061 3244 2470 3327 Κυρίλλου
2524 3249 2662 3304 τοῦ
2708 3242 2942 3305 θείου
2986 3241 3167 3304 θεό-

549 3356 942 3404 πνευστον
1009 3339 1431 3422 σάλπιγγα,
1498 3337 1718 3421 λε’γειν
1787 3340 1867 3404 οὐ
1938 3339 2256 3424 δύναμαι·
2325 3339 2502 3421 πλὴν
2566 3336 2879 3423 ἑκάτερον
2937 3333 3167 3420 ἀσεβὲς

549 3436 658 3502 καὶ
705 3436 1107 3503 ἀπαίδευτον
1143 3486 1157 3501 .
1197 3486 1211 3501 .
1251 3486 1265 3501 .
1314 3438 1372 3502 εῑ
1408 3438 1536 3523 γὰρ
1573 3440 1823 3522 μόνους
1859 3441 2175 3522 σχοίημεν
2210 3437 2568 3522 μάρτυρας,
2606 3435 2724 3512 οὓς
2761 3435 2837 3500 ἐν
2870 3434 3166 3519 ὑπομνή-

737 3669 789 3737 1)
829 3666 1206 3721 Oeconomum
1244 3665 1389 3721 sacri
1427 3666 1500 3720 ab
1540 3665 1801 3735 episcopo
1841 3664 2222 3720 Alexandrino
2261 3662 2398 3736 eligi
2436 3683 2606 3736 supra
2642 3664 2951 3736 attigimus.

728 3751 782 3818 2)
818 3745 1070 3816 ἀπίησαν
1108 3747 1213 3817 γὰρ
1243 3748 1346 3801 οὐκ
1376 3746 1595 3818 ἔχοντες
1620 3747 1929 3816 μαρτύριον
1960 3747 2040 3810 εἰς
2066 3745 2287 3816 ἑτέρους
2312 3746 2473 3809 τινὰς
2499 3745 2708 3810 τόπους
2737 3748 2828 3816 Sp.
2859 3747 2922 3800 R.
2953 3746 3031 3800 IV
3060 3751 3163 3799 249

551 3826 630 3897 (in
670 3826 864 3896 cyrilli
903 3826 1193 3897 oratione).

730 3911 782 3978 3)
818 3907 890 3961 τὰ
926 3905 1061 3977 μέρη
1093 3910 1182 3978 (---
1212 3907 1388 3978 regio)
1426 3915 1603 3962 ταῦτα
1641 3908 1867 3979 ἔχρῃζεν
1904 3908 2110 3977 ἰατρῶν
2145 3905 2682 3976 θεραπευόντων
2719 3908 2835 3962 διὰ
2876 3909 3049 3962 Θεοῦ
3085 3905 3160 3960 ib.

728 3992 782 4057 4)
821 3987 920 4042 διὰ
956 3997 1119 4042 τοῦτο
1158 3987 1479 4060 ἀναγκαίως
1507 3988 1842 4059 ἐζητήσαμεν
1871 3986 2046 4059 ἁγίων
2074 3988 2369 4058 μαρτύρων
2396 3985 2664 4058 λείψανα·
2698 3986 2935 4057 εὕρομεν
2970 3984 3164 4042 τοίνυν

549 4067 624 4121 ib.
666 4068 946 4122 Sermonis
983 4067 1218 4124 libertas
1255 4068 1577 4123 laudabilis.

730 4152 782 4216 5)
818 4148 892 4202 ib.
934 4154 1053 4202 250.
1735 4170 1742 4176 ·

730 4231 782 4296 6)
821 4227 890 4280 cf.
922 4228 1012 4297 Sp.
1043 4229 1107 4283 R.
1137 4229 1215 4283 IV
1243 4234 1344 4284 241
1378 4257 1445 4276 =
1473 4230 1547 4284 M.
1580 4234 1717 4284 3689
1736 4229 1811 4283 A:
1849 4229 1953 4299 τὴν
1986 4238 2100 4285 τῶν
2146 4238 2498 4300 μαρτυρικῶν
2533 4227 2819 4299 λειψάνων
2865 4227 3164 4299 μετάθεσιν

550 4306 927 4377 ποιησάμενος
962 4306 1294 4379 καὶήλόγους
1330 4312 1561 4380 μικροὺς
1596 4315 1673 4383 τῷ
1712 4307 2042 4381 φιλοχρίστῳ
2089 4313 2203 4382 λαῷ
2250 4305 2413 4373 οὗτος
2456 4310 3020 4381 προσφθεγξάμενος,
3066 4307 3166 4371 οὓς

551 4389 648 4442 καὶ
693 4386 1116 4456 παραθήσομεν.
1191 4389 1394 4444 Deleas
1432 4387 1618 4460 οὗτος,
1671 4408 1841 4459 6116111
1885 4406 2080 4445 vocem
2127 4389 2528 4460 interpolatam
2575 4408 2696 4445 esse
2742 4392 2858 4445 iam
2903 4390 3165 4461 neglecta

550 4467 768 4522 indicat
805 4466 1058 4522 clausula
1096 4467 1463 4538 didactylica:
1505 4470 1572 4525 cf.
1612 4470 1942 4540 μετάθεσιν
1978 4470 2469 4542 ποιησάμενος,
2507 4474 2630 4545 λαῷ
2675 4470 3163 4542 προσφθεγξά-

551 4567 776 4617 μενος,
824 4549 938 4603 καὶ
975 4548 1496 4619 παραθήσομεν.

731 4642 782 4709 7)
822 4638 887 4691 cf.
928 4637 1031 4692 ib.:
1071 4638 1170 4692 διὰ
1206 4647 1304 4692 τοῦ
1344 4638 1469 4702 ἑνὸς
1504 4639 1855 4710 ἀμφοτέρους
1901 4640 2177 4710 ὀνόματος
2211 4643 2342 4705 τοὺς
2378 4642 2481 4697 δύο
2521 4641 2805 4712 μάρτυρας
2842 4639 3096 4711 σημάνας
3133 4639 3164 4696 ὁ

551 4717 795 4789 ἄγγελος,
832 4720 914 4781 ὡς
952 4720 1020 4773 ἐκ
1056 4728 1184 4775 τῶν
1222 4717 1559 4788 Κυρίλλου
1595 4729 1711 4776 τοῦ
1749 4719 2089 4791 μακαρίου
2126 4721 2589 4795 δειχθήσεται.
