3611 5264
1394 344 1479 399 De
1517 343 1746 402 somniis
1783 342 2007 397 divinis.
2920 342 3000 407 13

534 504 722 579 [μ]ένη
775 509 841 576 (?)
899 505 1243 574 εὔμορφον
1306 502 1434 560 λίαν
1492 502 1915 575 ὑπερβ[ολ]ην1)
1975 500 2244 571 οὐράνιόν
2302 521 2356 556 τι
2414 500 2655 564 κάλλος
2715 501 3002 575 ἔχουσα[ν]

534 584 848 655 ἀδιηγήτως
898 581 1159 651 ὡραίαν
1196 583 1293 637 καὶ
1345 579 1466 654 [ν]έ
1475 601 1557 636 αν
1607 585 1717 635 κτλ.
1799 581 1909 636 Vel
1959 582 2214 650 Wessely
2266 580 2485 635 Griech.
2538 581 3002 652 Zauberpapyrus

530 683 585 734 p.
617 670 703 732 36,
741 669 845 717 634
865 680 1011 731 sqq.:
1070 661 1208 717 ὅταν
1256 658 1358 717 οὖν
1393 669 1558 715 τοῦτο
1593 660 1847 732 ποιήσῃς,
1879 659 1995 734 ὄψῃ
2025 661 2169 716 θεὸν
2206 660 2536 728 νεώτερον
2572 662 2802 730 εὐειδῆ
2839 679 3002 732 πυρι-

529 742 759 813 νότριχα
797 742 860 798 ἐν
902 751 1094 813 χιτῶνι
1130 744 1347 814 λευκῷ
1384 741 1482 796 καὶ
1527 741 1764 810 χλαμκύδι
1800 738 2036 812 κοκκίνῃ
2076 740 2274 811 ἔχοντα
2310 741 2605 810 πύρινον
2641 738 3000 810 στέφανον.

530 823 622 894 (cf.
650 843 704 892 p.
725 829 791 877 10
802 825 906 892 sq.)
961 820 1445 875 Pulchritudinem
1469 818 1720 874 mulieris
1747 836 1849 889 per
1885 819 2164 874 somnium
2188 819 2345 875 visae
2374 820 2605 889 eiusque
2631 823 2814 875 vestes
2843 821 3001 875 albas

530 903 703 957 etiam
748 903 1006 957 Socrates
1054 901 1292 956 adnotat
1335 899 1397 953 in
1432 897 1687 954 Platonis
1725 900 1933 955 Criton.
1980 918 2035 970 p.
2066 906 2143 954 44·
2171 901 2220 954 A
2225 900 2332 973 JB:
2390 898 2574 956 ἐδόκει
2609 898 2694 962 τίς
2730 920 2824 969 μοι
2860 901 3002 971 γυνὴ

528 985 916 1052 προσελθοῦσα
954 981 1121 1051 καλὴ
1159 981 1258 1036 καὶ
1295 979 1589 1048 εὐειδής,
1625 979 1829 1035 λευκὰ
1858 979 2050 1049 ἱμάτια
2088 980 2305 1052 ἔχουσα,
2342 979 2571 1035 καλέσαι
2597 999 2664 1050 με
2691 981 2788 1035 καὶ
2826 981 3004 1035 εἰπεῖν

534 1066 645 1118 κτλ.
732 1062 984 1127 Quocum
1035 1060 1260 1131 egregie
1321 1059 1649 1127 concinunt,
1711 1076 1856 1129 quae
1916 1060 2069 1130 apud
2125 1060 2507 1114 Aristotelem⁴
2540 1060 2805 1130 leguntur
2875 1062 3003 1130 περὶ

531 1139 811 1198 ἐνυπνίων
846 1146 951 1194 458
980 1142 1018 1194 b
1073 1145 1138 1194 10
1188 1158 1241 1210 p.
1273 1146 1340 1193 63
1390 1138 1578 1194 Biehl:
1648 1139 1787 1193 ἀλλὰ
1839 1139 1946 1210 μὴν
1999 1139 2131 1195 οὐδὲ
2175 1145 2243 1213 τῇ
2291 1138 2430 1213 δόξῃ
2475 1144 2572 1211 (sc.
2620 1141 2684 1195 τὸ
2736 1141 3003 1198 ἐνύπνιον

530 1219 967 1291 αἰσθανόμεθα).
1051 1221 1117 1275 οὐ
1172 1219 1278 1289 γὰρ
1325 1215 1501 1287 μόνον
1544 1219 1608 1274 τὸ
1652 1217 1890 1288 προσιόν
1936 1239 2121 1288 φαμεν
2173 1220 2482 1289 ἄνθρωπον
2531 1218 2566 1289 ἢ
2615 1219 2819 1289 ἵππον,
2864 1222 3003 1276 ἀλλὰ

534 1303 632 1357 καὶ
668 1301 913 1356 λευκὸν
948 1299 984 1370 ἢ
1023 1298 1248 1355 καλόν.

392 1428 636 1495 Odores
684 1429 901 1493 dulces
950 1450 983 1492 e
1028 1426 1321 1512 personis
1369 1432 1604 1492 exeunt
1649 1425 2128 1511 apparentibus.

533 1552 616 1606 De
653 1551 902 1605 Athena:
940 1550 1202 1614 ἀπῶζεν
1247 1548 1309 1604 δὲ
1346 1550 1445 1604 καὶ
1479 1557 1578 1619 τῆς
1623 1547 1843 1618 αἰγίδος
1888 1545 1974 1601 ὅτι
2019 1546 2298 1617 ἥδιστον
2344 1549 2575 1604 Aristid.
2615 1550 2668 1603 Π
2702 1555 2914 1616 403‚27
2934 1549 3000 1604 K.

528 1632 612 1685 De
648 1629 984 1685 Protesilao:
1022 1627 1258 1694 ἀπόζει
1304 1630 1477 1684 αὐτοῦ
1523 1627 1724 1698 ἥδιον
1768 1626 1804 1697 ἢ
1842 1636 1942 1682 τοῦ
1980 1628 2301 1697 μετοπώρου
2336 1637 2448 1683 τῶν
2485 1629 2703 1698 μύρτων
2740 1628 3001 1685 Philostr.

529 1710 749 1765 Heroic.
788 1716 892 1764 673
928 1729 981 1779 p.
1015 1715 1143 1778 141,
1182 1715 1266 1764 27.
1333 1708 1402 1767 cf.
1450 1708 1594 1764 Plut.
1645 1709 1715 1762 de
1767 1708 1881 1770 def,
1920 1725 1997 1762 or.
2037 1714 2101 1762 21
2141 1726 2195 1777 p.
2228 1714 2329 1762 421
2360 1709 2406 1761 B
2442 1710 2511 1778 (v.
2552 1712 2764 1779 supra):
2822 1713 3000 1779 φθεγ-

532 1788 769 1859 γομένου
788 1789 870 1859 δέ,
888 1790 988 1845 τὸν
1014 1787 1191 1843 τόπον
1220 1786 1469 1843 εὐωδία
1499 1797 1734 1859 κατεῖχε,
1761 1797 1862 1842 τοῦ
1899 1787 2170 1858 στόματος
2195 1786 2480 1857 ἥδιστον
2515 1786 3000 1852 ἀποπνέοντος.

392 1917 807 1982 Evanescunt
867 1917 1110 2002 subitO,
1157 1915 1330 1999 quod
1390 1915 1774 1998 exprimitur
1827 1913 2040 1979 verbis
2095 1913 2542 1980 ἄποπέτεσθαι
2597 1916 2698 1979 vel
2745 1915 3007 2000 ἀφανὴς

399 2019 770 2099 γίγνεσθαι.

535 2136 636 2192 τὸν
680 2135 785 2205 μὲν
827 2143 1004 2190 ταῦτα
1053 2131 1284 2190 εἰπόντα
1321 2132 1506 2190 ἐδόκει
1542 2133 1571 2188 ὁ
1610 2132 1822 2203 Ξέρξης
1858 2134 2229 2189 ἀποπτάσθαι
2264 2134 2468 2189 Herod.
2506 2134 2609 2188 VH
2639 2140 2721 2189 13.
2777 2134 3005 2204 ἀφανὴς

533 2217 684 2289 αὐτῷ
722 2214 940 2286 ἐγένετο
978 2215 1393 2287 (Telesphorus)
1430 2214 1630 2268 Marin.
1670 2233 1718 2268 v.
1758 2214 1944 2269 Procli
1985 2220 2030 2270 7.

571 2324 672 2389 Ex
719 2325 851 2411 his,
909 2347 1070 2409 quae
1126 2323 1404 2410 catalogi
1458 2324 1561 2388 vel
1616 2323 1847 2387 indicis
1904 2324 2111 2388 instar
2165 2325 2453 2388 conferre
2509 2324 2810 2388 idoneum
2866 2345 3003 2388 esse

392 2423 636 2507 putavi,
667 2423 824 2487 satis
854 2421 1063 2486 elucet
1097 2421 1165 2486 in
1203 2421 1468 2486 somniis
1508 2421 1958 2506 describendis,
1996 2425 2063 2486 at
2092 2422 2350 2505 quidem
2387 2423 2467 2486 iis
2506 2422 2793 2506 somniis,
2840 2444 3003 2505 quae

392 2520 458 2584 vi
524 2521 742 2586 divina
805 2519 1098 2603 praedita
1159 2541 1296 2584 esse
1355 2518 1802 2604 credebantur,
1874 2541 2125 2603 semper
2185 2520 2437 2584 easdem
2498 2539 2827 2584 occurrere
2885 2541 3005 2583 res.

399 2617 584 2695 Quod
631 2617 889 2703 quidem
934 2618 1016 2682 ad
1062 2639 1286 2682 sensus
1334 2617 1794 2682 somniantium
1849 2617 2146 2682 universe
2200 2617 2507 2701 pertinet,
2561 2616 2750 2682 nobis
2798 2617 3006 2680 dicen-

394 2715 545 2779 dum
591 2720 691 2781 est
736 2716 876 2801 illa,
922 2737 1085 2800 quae
1130 2716 1340 2799 primo
1386 2715 1527 2779 loco
1576 2715 2053 2799 composuimus
2112 2736 2398 2799 quaeque
2444 2713 2782 2778 Iamblichi
2827 2736 3003 2797 prae-

394 2815 580 2898 cipue
616 2814 834 2881 verbis
873 2813 1114 2898 optime
1151 2811 1577 2896 illustrantur,
1624 2812 1963 2896 mysticam
2001 2812 2322 2896 quandam
2361 2811 2661 2875 exhibere
2698 2812 3004 2875 indolem:

395 2911 537 2975 dico
585 2913 661 2976 de
707 2912 814 2997 iis,
862 2931 1025 2995 quae
1069 2933 1281 2995 aureS,
1338 2909 1584 2994 oculos,
1639 2911 1844 2974 totius
1891 2910 2179 2993 corporis
2242 2931 2500 2976 sensum
2546 2908 2867 2993 afficiunt,
2928 2909 3005 2973 de

393 3010 686 3101 vocibus,
733 3031 895 3093 quae
940 3008 1314 3093 audiuntur,
1362 3007 1439 3072 de
1484 3008 1758 3091 mystica
1813 3007 1954 3071 luce
2008 3006 2322 3094 fulgente,
2379 3007 2456 3071 de
2511 3028 2666 3071 aura
2720 3028 3006 3091 amoena,

393 3129 521 3190 qua
565 3106 1040 3171 circumeuntur
1076 3106 1482 3171 somniantes
1541 3103 1708 3170 Sunt
1751 3106 1923 3169 inter
1965 3108 2223 3170 nostrae
2269 3127 2524 3189 quoque
2569 3105 2800 3169 aetatis
2845 3105 3006 3188 hyp-

392 3205 659 3268 notismi
704 3208 768 3269 et
815 3205 1155 3289 spiritismi
1201 3207 1512 3287 auctores,
1558 3204 1670 3287 qui
1716 3203 1875 3267 talia
1919 3204 1988 3267 in
2024 3204 2429 3268 consessibus
2475 3204 2610 3269 suis
2655 3203 2796 3267 fieri
2841 3224 3007 3266 asse-

393 3304 633 3365 verent.
724 3300 938 3386 Magis
985 3301 1180 3364 etiam
1224 3300 1635 3384 perspicuum
1682 3305 1781 3365 est
1827 3300 2161 3365 concinere
2207 3323 2370 3385 quae
2426 3302 2502 3365 de
2551 3301 2649 3364 dis
2697 3301 2857 3383 ipsis
2903 3298 3006 3364 vel

396 3397 813 3462 daemonibus
853 3398 1163 3463 divinitus
1201 3398 1416 3463 missis
1453 3399 1885 3481 proferuntur.
1970 3397 2257 3474 Quorum
2302 3398 2680 3484 magnitudo
2725 3397 3007 3482 pulchri-

396 3496 553 3559 tudo
601 3495 898 3560 iuventus
945 3494 1282 3560 caelestem
1328 3498 1625 3559 naturam
1671 3499 1865 3580 atque
1920 3497 2235 3581 originem
2293 3495 2642 3579 declarant;
2689 3516 3005 3558 summam

400 3594 570 3656 enim
616 3594 881 3656 numina
926 3593 1037 3658 illa
1083 3591 1542 3677 perfectionem
1586 3596 1919 3675 praestant
1973 3595 2167 3676 atque
2219 3591 2691 3656 absolutionem
2706 3589 2773 3677 ²).
2866 3591 3006 3667 Qua

396 3691 463 3754 111
524 3712 593 3754 re
652 3690 1040 3754 monendum
1100 3690 1353 3754 videtur
1412 3690 1619 3754 inesse
1677 3689 2002 3775 nonnihil,
2064 3688 2237 3773 quod
2297 3689 2373 3753 de
2439 3687 2775 3753 beatorum
2835 3692 3006 3751 terra

402 3810 750 3872 eorumque
805 3787 1018 3851 indole
1074 3809 1236 3871 quae
1291 3787 1681 3871 referuntur,
1737 3788 1807 3851 in
1859 3788 2235 3851 memoriam
2291 3807 2517 3851 vocare
2580 3787 2805 3870 possit.
2899 3784 3007 3851 Sic

397 3886 626 3950 odores
691 3884 933 3969 dulces,
998 3906 1159 3969 quos
1219 3907 1254 3948 e
1312 3886 1605 3969 personis
1664 3886 2127 3969 apparentibus
2189 3885 2361 3949 exire
2431 3884 2878 3948 adnotavimus
2938 3884 3006 3948 in

401 3983 578 4048 illius
607 4004 862 4066 quoque
889 3987 1095 4046 terrae
1132 3981 1671 4065 descriptionibus
1706 4004 1839 4046 non
1877 3982 2072 4047 semel
2110 3984 2705 4046 commemorantur.
2753 3981 2840 4044 cf.
2860 4002 3006 4044 cum

398 4081 506 4165 iis,
572 4101 735 4164 quae
807 4102 1003 4165 supra
1081 4079 1445 4164 attulimus,
1507 4079 1677 4143 Plut.
1744 4079 1822 4143 de
1885 4101 2027 4144 sera
2089 4101 2261 4143 num.
2317 4078 2487 4143 vind.
2535 4079 2622 4142 22
2677 4102 2739 4161 p.
2786 4076 3005 4147 565F:

401 4176 707 4256 ἐξέπνει
755 4175 829 4242 δὲ
873 4178 1174 4262 μαλακὴν
1217 4175 1327 4242 καὶ
1355 4186 1637 4263 πραεῖαν
1682 4178 1900 4264 αὔραν
1945 4177 2185 4261 ὀσμὰς
2231 4175 2707 4262 ἀναφέρουσαν
2761 4173 3007 4260 ἡδονῆς

400 4298 471 4340 τε
529 4277 910 4359 θαυμασίας
972 4280 1109 4340 κτλ.
1216 4273 1341 4339 Vel
1400 4274 1550 4338 Luc.
1616 4295 1742 4339 ver.
1796 4273 1949 4356 hist.
2000 4272 2066 4338 H
2116 4272 2185 4337 5:
2249 4275 2603 4358 θαυμαστή
2659 4297 2760 4350 τις
2830 4274 3005 4361 αὔρα

399 4370 980 4455 περιέπνευσεν
1025 4371 1216 4457 ἡμᾶς,
1261 4370 1450 4454 ἡδεῖα
1494 4369 1604 4437 καὶ
1660 4371 1982 4456 εὐώδης,
2040 4371 2192 4444 οἵαν
2244 4369 2453 4455 φησὶν
2499 4370 2535 4436 ὁ
2583 4372 3007 4457 συγγραφεὺς

390 4468 754 4556 Ἡρόδοτος
800 4468 1120 4547 ἀπόζειν
1164 4478 1280 4552 τῆς
1317 4469 1710 4553 εὐδαίμονος
1736 4467 2063 4556 Ἀραβίας.
2121 4465 2229 4555 (cf.
2259 4469 2455 4533 etiam
2483 4492 2543 4551 p.
2578 4466 2707 4554 10.)
2756 4467 3004 4543 Quibus

579 4648 632 4715 1)
667 4652 693 4699 ‘?
720 4643 873 4712 „The
905 4644 1137 4714 reading]
1172 4646 1241 4711 of
1267 4643 1373 4699 this
1406 4645 1559 4699 word
1591 4646 1643 4699 is
1675 4660 1807 4714 very
1842 4643 2131 4710 doubtfwff‘
2166 4644 2416 4713 Kenyon.

577 4727 631 4796 2)
669 4725 735 4778 Id
771 4725 924 4793 quod
960 4724 1259 4779 vernacula
1294 4724 1492 4794 lingua
1529 4724 1910 4795 significamus
1948 4740 2081 4778 voce
2122 4722 2551 4793 ‘Idealgestalt’.
