3611 5264
590 321 674 385 98
1740 321 1924 391 Caput
1954 321 2045 374 IV.

586 485 822 549 victuri
877 488 1062 548 erant
1114 488 1492 568 receperunt
1506 482 1587 571 ¹);
1650 484 1890 571 pagani
1945 505 2187 570 mores,
2252 506 2412 567 quos
2470 485 2878 571 exstinguere
2936 484 3206 550 ecclesia

586 604 717 647 non
764 585 1035 667 poterat,
1081 586 1259 647 veste
1305 581 1656 646 christiana
1699 582 1857 646 tecti
1901 582 2226 669 vigebant,
2272 583 2650 668 praesertim
2707 605 2852 647 cum
2898 583 3029 647 iam
3075 583 3208 647 illis

585 680 989 765 temporibus
1046 680 1348 746 ecclesiae
1396 680 1768 747 stomachus
1817 680 2212 745 credentium
2248 680 2424 746 haud
2460 685 2783 746 recusaret
2818 680 3207 746 nummulos.

1692 858 1752 924 4.
1809 858 2112 924 Thecla.

768 964 830 1031 S.
868 965 1142 1031 Theclae
1190 986 1445 1048 quoque
1493 965 1838 1030 traduntur
1883 965 2194 1031 miracula
2239 966 2355 1050 iis,
2402 987 2565 1049 quae
2613 966 2733 1031 sub
2780 967 2823 1030 2
2871 969 2935 1029 et
2982 965 3022 1030 3
3068 987 3208 1050 per-

587 1064 1005 1129 lustravimus
1052 1064 1425 1149 persimilia.
1519 1061 1918 1148 Conscripsit
1975 1065 2145 1128 enim
2208 1063 2490 1129 Basilius
2557 1064 2818 1148 quidam
2884 1062 3211 1128 Seleuciae

590 1163 930 1247 episcopus
976 1161 1183 1226 libros
1232 1160 1309 1225 de
1355 1161 1491 1225 vita
1535 1183 1610 1226 ac
1662 1161 1993 1226 miraculis
2038 1162 2313 1226 Theclae
2360 1163 2523 1226 duos
2536 1159 2617 1249 ²),
2674 1183 2949 1244 quorum
3004 1160 3209 1226 altero

590 1261 669 1324 de
734 1259 1175 1324 curationibus
1237 1259 1436 1323 refert
1499 1258 1773 1343 aliisque
1839 1259 2167 1324 miraculis
2223 1281 2262 1323 a
2317 1263 2539 1324 sancta
2601 1264 2884 1343 martyre
2949 1259 3211 1344 effectis,

590 1380 752 1441 quae
790 1380 935 1422 cum
981 1356 1133 1442 Cyri
1169 1356 1559 1440 Ioannisque
1600 1356 1870 1422 Cosmae
1905 1357 2337 1441 Damianique
2375 1358 2821 1422 sanationibus
2859 1378 3210 1442 congruere

593 1456 804 1540 primo
853 1455 1088 1520 obtutu
1134 1454 1444 1520 clarescit.
1535 1454 1821 1521 Basilius
1882 1454 1994 1520 ille
2048 1454 2152 1520 vel
2207 1456 2318 1538 qui
2364 1455 2491 1519 fuit
2545 1455 2862 1520 librorum
2921 1458 3145 1519 auctor
3156 1451 3211 1540 3)

592 1552 849 1638 Thecla,
895 1574 1089 1636 quam
1138 1553 1397 1636 quidem
1444 1553 1572 1638 ipsi
1628 1551 1957 1618 Seleuciae
2012 1552 2261 1619 incolae
2315 1554 2813 1639 venerabantur,
2871 1553 3054 1636 quasi
3100 1574 3211 1636 pa-

589 1654 780 1715 trona
827 1673 943 1715 sua
988 1651 1197 1715 utitur
1241 1654 1435 1734 atque
1481 1650 1549 1715 in
1595 1651 1782 1716 libris
1831 1651 2291 1736 componendis
2340 1672 2484 1715 cum
2530 1650 2908 1737 languescit,
2954 1672 2992 1713 a
3045 1671 3212 1714 mar-

586 1753 731 1833 tyre
776 1749 950 1814 haud
997 1770 1178 1814 secus
1224 1749 1607 1814 admonetur
1652 1754 1847 1834 atque
1891 1747 2212 1814 Aristides
2258 1749 2481 1814 rhetor
2526 1748 2608 1814 ab
2654 1747 3042 1834 Aesculapio
3092 1769 3209 1812 suo

590 1847 741 1910 dum
789 1869 1001 1912 sacras
1041 1869 1190 1912 suas
1228 1847 1576 1912 conscribit
1614 1848 1955 1913 orationes.
2030 1846 2309 1912 Omnino
2349 1851 2630 1912 statuere
2666 1846 2818 1912 licet
2862 1847 3210 1912 maximam

593 1944 989 2009 intercedere
1053 1945 1121 2009 in
1182 1944 1456 2031 singulis
1517 1966 1774 2029 quoque
1835 1945 2324 2011 similitudinem
2385 1946 2555 2010 inter
2614 1967 2836 2010 omnes
2896 1944 3211 2010 eiusmodi

587 2041 905 2127 homines,
952 2041 1063 2124 qui
1111 2042 1300 2107 deum
1348 2042 1665 2126 quendam
1701 2065 1822 2128 pro
1861 2044 2067 2109 amico
2107 2048 2172 2109 et
2209 2044 2578 2110 consultore
2611 2041 3007 2131 haberent4).
3082 2041 3210 2108 Sed

588 2139 961 2204 accedamus
1007 2139 1089 2204 ad
1133 2139 1277 2225 ipsa
1323 2140 1648 2205 miracula.

775 2308 827 2377 1)
863 2304 1170 2360 Divinandi
1207 2305 1317 2376 vis,
1356 2324 1699 2376 quamquam
1737 2306 2014 2363 eiusmodi
2061 2310 2284 2363 sanctos
2330 2309 2521 2363 omnia
2566 2307 2709 2363 scire
2756 2310 3209 2377 consentaneum,

588 2386 877 2455 perlucere
912 2386 1140 2441 videtur
1185 2387 1246 2440 in
1290 2387 1410 2442 mir.
1444 2393 1529 2457 62,
1561 2393 1699 2442 3641
1721 2388 1794 2458 B,
1842 2387 1943 2441 ubi
1988 2388 2297 2458 Rhodopae
2342 2388 2566 2443 mulieri
2616 2391 2853 2443 mortem
2899 2387 2951 2442 ei
2996 2387 3209 2442 instare

588 2466 950 2535 praedicitur.

767 2549 822 2616 2)
859 2545 1060 2600 Basilii
1108 2546 1397 2602 Seleuciae
1447 2547 1508 2601 in
1553 2549 1769 2602 Isauria
1816 2548 2067 2618 episcopi
2115 2550 2184 2603 de
2230 2549 2354 2604 vita
2409 2566 2475 2604 ac
2532 2548 2819 2603 miraculis
2866 2549 2918 2602 d.
2967 2547 3209 2602 Theclae

589 2624 822 2697 virginis
859 2626 1122 2697 martyris
1160 2626 1466 2682 Iconiensis
1505 2627 1638 2684 libri
1677 2630 1805 2698 duc,
1845 2630 2187 2701 Antverpiae
2227 2636 2379 2685 1608.

768 2712 822 2777 3)
861 2707 1021 2772 Quod
1057 2708 1212 2762 haud
1250 2708 1390 2762 satis
1428 2712 1579 2764 certe
1617 2712 1870 2779 constat3
1908 2714 2101 2766 tamen
2127 2710 2431 2765 verisimile
2461 2713 2548 2765 est
2574 2708 2761 2779 quinti
2790 2708 3002 2764 saeculi
3037 2708 3210 2763 fuisse

591 2787 920 2856 scriptorem
958 2804 1197 2856 eumque
1236 2787 1525 2843 Seleuciae
1564 2790 1889 2860 episcopum
1927 2791 2014 2844 vel
2050 2792 2458 2861 presbyterum.
2517 2790 2584 2844 cf.
2614 2790 2952 2845 Kochlerum
2979 2789 3039 2843 in
3065 2789 3208 2842 Mus.

589 2866 764 2921 Rhen.
799 2873 866 2921 14
904 2870 1087 2937 (1859)
1123 2886 1176 2937 p.
1207 2872 1328 2923 472.

775 2949 830 3017 4)
868 2946 1164 3002 Putaveris
1193 2948 1461 3002 Aristidis
1498 2948 1782 3005 orationes
1812 2968 2000 3006 sacras
2029 2954 2086 3006 te
2115 2952 2318 3023 legere,
2357 2951 2406 3005 si
2434 2951 2658 3008 evolvas
2686 2949 2959 3005 Basilium
2994 2968 3046 3019 p.
3078 2954 3208 3003 210:

589 3028 688 3082 καὶ
729 3023 890 3083 εἶπον
928 3026 1030 3096 μὲν
1077 3027 1216 3082 ἄττα
1254 3028 1336 3099 (in
1373 3029 1681 3099 contione)·
1721 3029 1865 3085 οὕτω
1903 3029 1969 3085 δέ
2004 3052 2099 3101 μοι
2135 3033 2239 3103 τὴν
2273 3042 2432 3103 χεῖρα
2478 3033 2575 3087 καὶ
2620 3030 2785 3102 χάριν
2829 3027 3211 3086 συνεπέδωκεν

589 3108 624 3177 ἡ
665 3107 900 3176 μάρτυς,
938 3108 1013 3169 ὡς
1049 3103 1196 3162 εἷναί
1231 3127 1284 3162 τι
1326 3110 1470 3180 [καὶ]
1508 3107 1671 3174 δόξαι
1707 3111 1804 3164 καὶ
1844 3109 2127 3181 εἰρηκέναι
2165 3110 2395 3181 μετρίως
2430 3114 2529 3167 καὶ
2571 3116 2772 3181 θαῦμα
2816 3113 3072 3165 πλεῖστον
3118 3110 3210 3164 ἐπὶ

588 3188 789 3256 μηδενὶ
823 3190 1132 3259 θαυμαστῷ
1168 3197 1280 3241 τῶν
1318 3188 1465 3257 ἐμῶν
1502 3187 1928 3260 ἀπενέγκασθαι
1964 3190 2160 3262 λόγων.
2199 3194 2295 3247 καὶ
2331 3201 2429 3263 τῆς
2467 3192 2747 3262 ἱερατικῆς
2792 3188 2858 3244 δέ
2901 3211 2996 3260 μοι
3040 3210 3209 3245 κατα-

593 3264 855 3332 ξιωθέντι
892 3264 1184 3336 γερουσίας
1228 3269 1325 3322 καὶ
1370 3276 1470 3323 τοῦ
1516 3268 1832 3340 καταλόγου
1878 3280 1990 3327 τῶν
2039 3272 2393 3329 διδασκάλων
2439 3273 2535 3327 καὶ
2582 3269 2774 3341 ἱερέων
2819 3279 3115 3341 συμπαρῆν
3152 3288 3209 3324 τε

589 3348 663 3409 ὡς
698 3346 767 3400 τὰ
803 3346 980 3400 πολλὰ
1016 3348 1110 3402 καὶ
1162 3347 1421 3417 νύκτωρ
1461 3348 1969 3422 ἐπιφαινομένη
2007 3350 2224 3424 βιβλίον
2268 3351 2322 3407 τί
2358 3374 2453 3422 μοι
2489 3352 2714 3415 πάντως
2758 3349 2794 3420 ἢ
2831 3351 3037 3422 χάρτον
3074 3350 3209 3419 ὤρε-

591 3444 714 3497 γεν·
755 3424 786 3480 ὃ
822 3425 1049 3490 πάντως
1084 3447 1179 3497 μοι
1214 3426 1471 3499 πλείστης
1519 3429 1924 3500 εύδοκιμήσεως
1961 3432 2236 3504 σύμβολον
2280 3426 2353 3502 ἦν
2399 3452 2457 3487 τε
2502 3434 2600 3487 καὶ
2647 3430 2842 3486 ἐδόκει.
2920 3430 3208 3496 Quomodo

593 3509 791 3561 sancta
835 3509 1050 3577 martyr
1094 3507 1154 3562 in
1204 3508 1503 3564 scribendo
1552 3510 1856 3566 admoneat
1902 3514 2219 3582 auctorem,
2265 3512 2397 3568 vide
2457 3513 2532 3567 ib.
2572 3531 2625 3582 p.
2660 3517 2762 3566 178
2783 3530 2889 3581 sq.:
2939 3510 3129 3576 ἔδοξεν
3174 3509 3210 3579 ἡ

592 3586 802 3656 μάρτυς
857 3586 1092 3656 πλησίον
1130 3588 1192 3644 ἐν
1230 3588 1362 3659 ὄψει
1402 3610 1508 3659 μου
1559 3590 2063 3660 παρακαθέζεσθαι
2114 3638 2124 3648 .
2168 3637 2178 3648 .
2221 3638 2232 3649 .
2282 3594 2378 3647 καὶ
2428 3594 2834 3663 ἀναγινώσκειν
2883 3589 3065 3647 ἐδόκει
3116 3610 3211 3661 μοι

591 3670 688 3736 (sc.
726 3666 796 3720 τὰ
831 3667 1125 3738 θαύματα)
1173 3671 1269 3724 καὶ
1316 3669 1636 3739 ἐφήδεσθαι
1681 3672 1779 3726 καὶ
1825 3674 2049 3741 μειδιᾶν
2095 3675 2191 3728 καὶ
2240 3671 2639 3729 ἐνδείκνυσθαί
2685 3692 2780 3742 μοι
2823 3676 2900 3744 τῷ
2946 3668 3211 3742 βλέμματι

590 3747 666 3810 ὡς
704 3744 929 3815 ἀρέσκοι
963 3745 1086 3801 τότε
1122 3757 1240 3811 τοῖς
1275 3749 1653 3820 γραφομένοις
1688 3752 1786 3805 καὶ
1824 3753 1898 3814 ὡς
1934 3750 2054 3807 δέοι
2089 3772 2155 3823 με
2203 3751 2601 3823 ἀναπληρῶσαι
2643 3752 2744 3807 τὸν
2788 3750 2969 3807 πόνον
3010 3759 3210 3805 τοῦτον

591 3828 689 3881 καὶ
726 3826 800 3896 μὴ
837 3825 1128 3883 ἀτέλεστον
1164 3832 1509 3899 καταλιπεῖν,
1548 3829 1736 3901 μέχρις
1771 3829 1846 3887 ἂν
1894 3832 1989 3904 ἐξῇ
2025 3832 2260 3902 μάλιστα
2296 3832 2333 3887 ἃ
2371 3832 2601 3897 ἕκαστος
2638 3830 2757 3888 οἶδε
2792 3832 2890 3887 καὶ
2927 3832 3067 3901 ἅπερ
3106 3833 3210 3886 σὺν

590 3905 851 3982 ἀκριβείᾳ
887 3907 1136 3964 δυνατὸν
1164 3907 1301 3978 παρ’
1345 3909 1579 3965 ἑκάστου
1607 3911 1946 3981 μανθάνειν.
1986 3911 2122 3968 ὥστε
2152 3933 2218 3983 με
2238 3914 2374 3983 μετὰ
2401 3915 2505 3985 τὴν
2542 3914 2684 3984 ὄψιν
2713 3915 2924 3983 ταύτην
2952 3910 3116 3974 δέους
3149 3930 3211 3965 τε

587 3990 961 4057 πληρωθῆναι
990 3989 1087 4042 καὶ
1114 3985 1442 4058 προθυμίας
1468 3991 1906 4061 ὑποπλησθῆναι
1934 3994 2031 4047 καὶ
2059 3992 2324 4063 ἅψασθαι
2356 3995 2527 4049 πάλιν
2555 3993 2749 4049 δέλτου
2776 3995 2874 4048 καὶ
2901 3989 3210 4064 γραφιδίου

587 4066 684 4118 καὶ
729 4075 891 4120 τοῦτο
928 4077 1114 4123 ποιεῖν
1151 4066 1308 4140 μέχρι
1346 4086 1448 4138 περ
1487 4067 1560 4125 ἂν
1598 4071 1739 4141 αύτὴ
1776 4072 1986 4144 κελεύῃ.
2060 4074 2146 4128 De
2191 4074 2439 4129 Aristide
2487 4093 2535 4128 v.
2573 4077 2616 4129 t.
2647 4075 2699 4127 ΙΙ
2737 4093 2792 4144 p.
2825 4080 2947 4141 395,
2977 4079 3010 4127 8
3048 4071 3204 4126 Keil:

597 4145 774 4207 εὐθὺς
810 4145 867 4211 ἐξ
904 4148 1080 4218 ἀρχῆς
1115 4158 1383 4218 προεῖπεν
1421 4149 1452 4203 ὁ
1487 4150 1627 4212 θεὸς
1663 4151 2023 4222 ἀπογράφειν
2066 4153 2137 4208 τὰ
2175 4153 2453 4224 ὀνείρατα.
2527 4154 2610 4208 De
2656 4153 2993 4225 Sophronio,
3039 4151 3137 4221 qui
3175 4169 3210 4205 a

593 4241 662 4278 ss,
694 4224 835 4294 Cyro
874 4229 933 4280 et
967 4227 1176 4282 Ioanne
1215 4228 1541 4299 impellitur,
1583 4231 1649 4285 cf.
1682 4231 1829 4301 Spic.
1859 4233 2017 4287 Rom.
2047 4234 2125 4288 111
2153 4240 2185 4288 9
2215 4261 2283 4280 --
2312 4235 2503 4304 Migne
2540 4254 2594 4305 p.
2627 4239 2767 4288 3384
2782 4234 2931 4289 A.B:
2970 4233 3033 4287 τὸ
3072 4230 3208 4303 γρά-

589 4323 721 4373 φειν
760 4302 1075 4375 ἐπέτρεψαν
1124 4308 1229 4377 τὴν
1267 4308 1480 4365 ἑαυτῶν
1517 4309 1835 4382 συμμαχίαν
1872 4323 2133 4384 χορηγεῖν
2170 4313 2589 4384 συνταξάμενοι.
2619 4315 2884 4380 πολλάκις
2911 4310 3012 4369 οὖν
3042 4313 3103 4368 ἐν
3132 4316 3209 4385 τῷ

590 4384 833 4455 γράφειν
868 4385 1014 4455 ἡμᾶς
1051 4387 1490 4459 ἐπεφάνησαν
1525 4394 1867 4461 πληροῦντες
1903 4394 2088 4450 αὐτῶν
2123 4394 2186 4448 τὸ
2225 4394 2558 4465 ἐπάγγελμα,
2594 4393 2729 4450 ποτε
2767 4394 2866 4465 μὲν
2904 4393 3074 4464 μέλαν
3111 4394 3208 4448 καὶ

589 4464 843 4535 κάλαμον
892 4466 1290 4538 παρεχόμενοι,
1336 4470 1472 4525 ποτὲ
1509 4470 1573 4526 δὲ
1621 4472 1725 4542 τὴν
1769 4473 2012 4543 τετράδα
2057 4472 2436 4546 λαμβάνοντες
2485 4477 2582 4530 καὶ
2631 4475 2701 4530 τὰ
2745 4474 2983 4545 ἡμέτερα
3029 4472 3208 4543 σφάλ-

591 4564 742 4614 ματα
789 4548 1192 4616 διορθούμενοι
1239 4552 1349 4603 κτλ.
1425 4550 1654 4606 Proclus
1702 4554 2002 4622 quominus
2059 4556 2488 4610 commentarios
2543 4556 2602 4610 in
2660 4555 2911 4611 carmina
2962 4553 3210 4624 Orphica

589 4625 803 4681 scribat
839 4627 1127 4681 somniis
1176 4628 1510 4701 impeditur,
1548 4632 1617 4687 cf.
1647 4632 1930 4688 Marinum
1965 4653 2016 4688 v.
2056 4634 2242 4689 Procli
2279 4641 2364 4690 27.
2438 4636 2829 4691 Artemidorus
2875 4636 2936 4690 in
2975 4634 3208 4690 Oneiro-

590 4704 802 4759 criticis
856 4708 1256 4777 componendis
1313 4710 1386 4763 ab
1443 4711 1704 4782 Apolline
1757 4715 2115 4769 admonetur:
2172 4706 2216 4789 ᾧ
2261 4716 2599 4788 πειθόμενος
2647 4717 2753 4789 ἐγὼ
2798 4715 3036 4791 πατρῴῳ
3083 4714 3208 4772 ὄντι
