3611 5264
1233 300 1316 354 De
1353 298 1716 354 incubatione
1754 299 2079 356 christiana.
2966 302 3046 364 61
3105 378 3112 385 ⁸

431 463 649 529 nautis
688 464 951 527 adorare
989 463 1266 528 refertur
1301 461 1746 546 Maximinum,
1776 486 1904 547 quo
1943 464 2112 528 facto
2144 460 2256 551 (E)
2285 465 2533 547 „statim
2553 515 2565 528 .
2588 515 2600 527 .
2623 512 2638 528 .
2657 464 2862 528 virum
2883 466 3054 529 'intu-

436 563 563 627 itus
609 568 700 627 est
739 563 1220 644 splendidum
1267 559 1373 647 (cf.
1420 583 1480 645 p.
1523 557 1738 646 lOsq.)
1797 561 1984 625 veluti
2026 561 2118 626 sol
2166 566 2310 624 ante
2361 582 2582 626 navem
2635 580 2831 643 supra
2882 580 3055 626 mare

435 665 725 724 euntem“.
759 698 869 723 .—
925 658 1124 722 Punit
1178 658 1595 742 Maximinus,
1653 658 1718 720 id
1773 658 1947 741 quod
1991 655 2359 742 Aesculapii
2415 659 2651 722 iamata
2702 657 3054 743 Epidauria

436 759 503 821 in
550 762 831 822 mentem
878 779 1173 823 revocare
1211 761 1444 841 potest,
1492 756 1951 821 obtrectatores
1992 778 2156 820 suos.
2231 754 2455 838 Itaque
2492 757 2609 839 vir,
2648 757 2759 839 qui
2798 773 3050 821 servum

437 856 788 939 appellavit
853 860 1171 938 sanctum,
1236 856 1305 919 in
1377 854 1681 938 sphaerae
1745 854 2020 918 formam
2096 853 2524 939 contrahitur3
2589 854 2815 918 deinde
2874 861 3053 939 „ante

438 959 721 1019 sanctum
767 954 966 1019 altare
1011 954 1338 1036 deponitur
1375 1003 1387 1016 .
1428 1005 1440 1017 .
1481 1004 1494 1016 .
1531 953 1776 1018 sanitas
1814 1001 1827 1014 .
1867 1001 1881 1015 .
1921 1004 1933 1016 .
1971 952 2288 1016 redditast
2334 974 2395 1035 p.
2433 952 2516 1016 27
2539 950 2608 1015 F.
2681 950 3047 1035 Presbyter,

439 1053 550 1134 qui
618 1073 810 1135 super
871 1051 1195 1116 tumulum
1259 1050 1599 1114 Maximini
1661 1051 2083 1134 peieraverat,
2138 1049 2334 1133 paulo
2398 1053 2548 1133 post
2609 1050 2908 1133 moritur,
2965 1050 3049 1114 ib.

430 1172 490 1233 p.
528 1150 610 1213 21
635 1148 712 1214 A.
787 1149 1082 1233 Denique
1130 1151 1198 1213 in
1244 1149 1370 1213 fine
1417 1148 1800 1213 collocemus
1847 1148 2187 1212 historiam
2225 1147 2685 1231 delectabilem,
2722 1150 3045 1231 quomodo

436 1252 692 1313 sanctus
743 1246 1163 1312 Gisilbertum
1222 1248 1475 1330 ducem,
1523 1247 1635 1330 qui
1681 1246 2056 1311 monasterii
2103 1246 2333 1311 fratres
2389 1246 2804 1331 „intolerabili
2848 1248 3051 1328 afflic-

431 1347 626 1412 tione“
687 1346 1017 1431 depressit,
1065 1345 1475 1431 castigaverit
1522 1342 1610 1430 (p.
1650 1345 1734 1409 28
1755 1342 1868 1431 B):
1924 1344 2153 1409 fratres
2199 1345 2562 1429 „consilium
2605 1345 2677 1409 in
2720 1345 2883 1409 hunc
2925 1366 3049 1410 mo-

431 1446 582 1509 dum
655 1450 1042 1530 restaurant,
1126 1444 1353 1508 scilicet
1433 1445 1521 1508 ad
1591 1443 1820 1525 Regem
1900 1463 2113 1525 reyum
2185 1443 2553 1507 Maximino
2612 1444 3050 1525 patrocinante

436 1563 621 1608 suum
695 1545 932 1608 orando
995 1543 1222 1625 referre
1284 1541 1609 1624 negotium.
1665 1543 1831 1622 quod
1901 1562 2040 1606 cum
2112 1540 2491 1622 aliquandiu
2562 1539 2736 1605 haud
2788 1542 3049 1623 seqniter

430 1646 725 1722 afferetur,
770 1642 1047 1723 quadam
1082 1645 1293 1705 nocte
1342 1639 1709 1705 venerabilis
1745 1639 2153 1703 Maximinus
2197 1640 2278 1703 in
2322 1639 2610 1703 visione
2655 1639 2800 1703 duci
2844 1641 3046 1720 quie-

432 1740 670 1804 scenti
702 1739 1056 1821 supervenit
1089 1789 1103 1803 .
1143 1789 1156 1801 .
1197 1790 1210 1802 .
1241 1738 1440 1803 latera
1474 1758 1550 1802 ac
1583 1738 1874 1820 scapulas
1908 1737 2175 1819 flagellis
2218 1738 2522 1801 caedendo
2560 1737 2809 1803 liventes
2843 1739 3052 1802 reddit

430 1837 757 1917 statimque
801 1833 1365 1922 disparuit(C).“

518 1998 523 2005 ,
612 1932 688 1997 In
733 1933 923 1998 Italia
969 1934 1294 2019 superiore
1342 1933 1686 1998 incubandi
1731 1956 1920 1998 usum
1967 1956 2168 2019 usque
2225 1935 2304 1998 ad
2359 1934 2681 1998 saeculum
2729 1934 3046 1998 decimum

434 2035 686 2096 sextum
731 2033 1107 2116 perdurasse
1155 2022 1430 2096 testatur
1467 2030 1779 2118 Georgius
1818 2030 2168 2116 Fabricius,
2216 2032 2327 2115 qui
2365 2033 2433 2095 in
2470 2032 2929 2096 commentario
2977 2033 3044 2095 in

431 2134 766 2214 poetarum
814 2136 1102 2196 veterum
1159 2132 1735 2196 ecclesiasticorum
1792 2131 2140 2195 christiana
2195 2153 2389 2215 opera
2441 2153 2501 2214 p.
2545 2131 2627 2194 72
2647 2127 2708 2193 A
2755 2153 2801 2195 s.
2848 2153 2905 2194 v.
2953 2131 3046 2192 in-

431 2229 689 2295 cubatio
759 2229 914 2293 dicit
979 2229 1332 2308 „Patavii
1393 2235 1556 2294 certa
1623 2235 1790 2295 nocte
1856 2230 1923 2293 in
1988 2230 2122 2294 divi
2186 2229 2455 2292 Antonii
2525 2228 2928 2293 adolescentes
2989 2233 3047 2291 et

421 2327 671 2408 puellas
716 2329 1072 2403 rusticanas
1116 2328 1426 2406 incubare,
1472 2349 1538 2391 eo
1583 2327 1881 2404 coenobio,
1925 2347 2045 2408 quo
2088 2326 2331 2391 nullum
2376 2326 2556 2391 aliud
2610 2317 2684 2390 ea
2731 2326 2879 2390 urbe
2917 2327 3044 2407 fre-

429 2427 765 2505 quentius“.
857 2425 1134 2490 Videtur
1186 2448 1319 2489 non
1371 2425 1613 2489 nullius
1669 2447 1807 2488 esse
1862 2424 2200 2507 momenti,
2257 2423 2429 2507 quod
2494 2423 2662 2487 idem
2718 2421 3041 2486 Antonius

427 2524 595 2604 apud
660 2524 998 2605 pontifices
1054 2524 1295 2587 morbis
1350 2523 1592 2587 mederi
1646 2522 1906 2607 dicitur,
1963 2522 2040 2586 cf.
2096 2522 2273 2586 Vink
2327 2519 2771 2586 Amoenitates
2832 2520 3043 2605 philo-

425 2621 945 2707 logico—medicae
1012 2646 1074 2706 p.
1115 2620 1215 2685 73.
1327 2618 1431 2685 Ad
1493 2620 1786 2685 Latium
1845 2621 1884 2685 i.
1932 2643 1981 2684 e.
2041 2620 2313 2685 mediam
2372 2618 2627 2684 Italiam
2692 2619 3041 2704 pertinent,

427 2741 589 2802 quae
637 2742 834 2803 supra
885 2742 946 2802 p.
984 2719 1068 2784 57
1086 2741 1176 2801 sq.
1233 2719 1310 2783 de
1355 2718 1654 2783 Redemti
1699 2719 2078 2783 Ferentinae
2125 2719 2404 2783 civitatis
2452 2719 2739 2802 episcopi
2787 2718 3037 2782 visione

424 2814 829 2899 protulimus.
902 2815 980 2880 In
1016 2816 1309 2881 Romana
1353 2817 1619 2881 ecclesia
1664 2817 1833 2881 circa
1877 2840 2114 2881 annum
2151 2817 2284 2880 220
2321 2817 2797 2880 incubationem
2842 2816 3040 2880 fuisse

427 2916 914 2980 usitatissimam
971 2938 1050 2979 ex
1105 2914 1453 2998 Hippolyti
1517 2915 1869 2980 canonibus
1883 2911 1935 3000 ¹)
2000 2918 2290 2999 apparet,
2345 2914 2458 2976 ubi
2524 2913 2830 2998 leguntur
2882 2913 3041 2977 haec

425 3011 672 3099 (XXIV
710 3014 836 3077 221
881 3037 943 3098 p.
978 3010 1160 3099 123):
1208 3015 1354 3094 „qui
1404 3018 1610 3078 autem
1645 3014 1977 3096 propriam
2023 3014 2274 3077 domum
2318 3012 2520 3089 habet,
2566 3014 2815 3093 quando
2860 3013 3040 3094 infir-

424 3117 657 3191 matur,
726 3133 852 3177 non
928 3114 1344 3194 transferatur
1396 3114 1468 3175 in
1537 3113 1788 3177 domum
1843 3112 1999 3193 Dei,
2052 3113 2160 3176 sed
2213 3116 2341 3175 oret
2392 3112 2842 3188 tantummodO,
2899 3115 3043 3174 tunc

426 3210 637 3273 redeat
678 3211 750 3273 in
796 3211 1047 3273 domum
1091 3215 1325 3275 suam“.
1420 3208 1594 3286 Quae
1641 3214 1867 3275 contra
1904 3209 2247 3273 incubandi
2294 3209 2595 3273 videlicet
2650 3231 2839 3273 usum
2886 3212 3038 3273 sunt

426 3307 793 3389 constituta,
840 3306 918 3369 cf.
955 3303 1217 3371 Achelis
1265 3330 1326 3392 p.
1367 3308 1514 3372 208.

604 3402 833 3468 Multis
880 3404 1038 3468 locis
1084 3403 1311 3469 Italiae
1349 3406 1671 3470 inferioris
1709 3406 1906 3471 etiam
1941 3410 2164 3471 nostra
2200 3409 2408 3469 aetate
2445 3405 2734 3469 incubari
2772 3406 3036 3469 adnotat

428 3501 630 3565 Trede
675 3501 807 3565 Das
863 3500 1255 3566 Heidentum
1313 3504 1382 3566 in
1436 3503 1548 3567 der
1600 3505 1964 3569 romischen
2018 3503 2256 3568 Kirche
2310 3502 2406 3566 IV
2453 3527 2513 3587 p.
2557 3504 2700 3566 177.
2792 3501 2868 3566 In
2913 3503 3036 3566 cla-

425 3600 681 3664 rissimo
728 3599 957 3663 Matris
1004 3598 1269 3664 Domini
1316 3621 1494 3665 sacro
1542 3625 1746 3686 prope
1793 3602 2018 3666 urbem
2064 3600 2360 3667 Nocera
2405 3601 2532 3664 sito
2578 3623 2692 3684 per
2737 3622 3034 3664 somnum

424 3697 718 3762 homines
776 3697 994 3762 divino
1052 3697 1356 3762 fruuntur
1410 3701 1681 3765 consilio
1729 3698 1890 3787 (ib.).
1984 3698 2237 3764 Similia
2291 3700 2359 3762 in
2414 3696 2770 3762 Calabria
2825 3699 3035 3764 obser-

427 3797 563 3859 vari
608 3800 906 3880 possunt:
955 3796 1057 3860 die
1097 3800 1322 3861 octavo
1362 3798 1763 3883 septembris,
1811 3819 1956 3862 cum
1992 3798 2352 3862 Madonnae
2390 3798 2454 3860 di
2492 3796 2837 3862 Pessoruto
2877 3799 3033 3862 cele-

427 3893 649 3958 bratur
694 3895 950 3980 festum,
998 3895 1063 3979 ii,
1111 3896 1222 3979 qui
1271 3918 1337 3959 se
1376 3896 1789 3962 incubaturos
1838 3918 1975 3961 esse
2021 3900 2353 3979 voverunt,
2402 3895 2652 3959 somnia
2688 3919 2726 3960 a
2770 3897 3033 3960 numine

425 3992 540 4056 illo
588 3996 976 4076 exspectant.
1068 3993 1504 4058 Francavillae
1552 4015 1807 4077 quoque
1853 3995 2011 4057 talia
2054 3994 2238 4077 fiunt,
2285 3993 2362 4056 cf.
2402 3993 2485 4056 ib.
2524 4017 2584 4076 p.
2631 3994 2771 4058 178.

600 4088 678 4153 In
725 4090 1038 4155 orientem
1085 4092 1342 4156 deducit
1375 4114 1495 4156 nos
1535 4089 1832 4177 Gregorii
1867 4091 2259 4156 Turonensis
2295 4089 2474 4155 locus
2513 4090 2611 4178 (in
2649 4092 2809 4177 glor.
2847 4096 3030 4155 mart.

423 4187 508 4251 99
555 4186 732 4264 Mon,
791 4186 998 4253 Germ.
1036 4212 1097 4273 p.
1136 4188 1322 4276 554):
1369 4188 1640 4254 Iudaeus
1687 4189 1949 4273 quidam
2006 4189 2212 4254 sancti
2256 4188 2532 4253 Domitii
2587 4188 2917 4255 basilicam
2965 4192 3034 4254 in

600 4456 649 4524 1)
687 4453 792 4509 Die
832 4454 1084 4508 Canones
1121 4453 1416 4525 Hippolyti
1453 4471 1561 4509 von
1588 4453 1744 4508 Hans
1773 4454 2016 4523 Achelis,
2054 4453 2229 4507 Texte
2257 4454 2372 4508 und
2399 4454 2904 4524 Untersuchungen
2933 4470 3030 4505 zur

428 4531 762 4588 Geschichte
801 4534 900 4587 der
946 4532 1395 4588 altchristlichen
1439 4534 1752 4589 Litteratur
1786 4534 1865 4589 VI
1892 4540 1938 4588 4.
1990 4567 2059 4574 —
2107 4533 2288 4599 Quam
2335 4535 2407 4588 ad
2453 4534 2740 4604 regionem
2786 4549 3026 4587 canones

420 4613 506 4666 illi
541 4614 881 4684 pertineant,
911 4632 958 4668 v,
987 4632 1040 4683 p.
1072 4619 1202 4682 2363
1241 4614 1311 4667 de
1341 4618 1529 4670 aetate
1559 4615 1628 4671 cf.
1658 4634 1710 4685 p.
1742 4621 1846 4668 266
1868 4633 1947 4684 sq.
1980 4647 2048 4655 —
2076 4614 2286 4669 Locum
2311 4615 2452 4668 mihi
2480 4613 2801 4668 amabiliter
2828 4628 3027 4682 suppe-

420 4693 624 4749 ditavit
657 4696 896 4749 Ioannes
932 4695 1119 4748 Bauer
1153 4695 1450 4766 theologus
1487 4694 1924 4767 Mar-purgensis.
