<?xml version="1.0" encoding="UTF-8"?>
<!DOCTYPE html PUBLIC "-//W3C//DTD XHTML 1.0 Transitional//EN"
    "http://www.w3.org/TR/xhtml1/DTD/xhtml1-transitional.dtd">
<html xmlns="http://www.w3.org/1999/xhtml" xml:lang="en" lang="en">
 <head>
  <title>
</title>
<meta http-equiv="Content-Type" content="text/html;charset=utf-8" />
  <meta name='ocr-system' content='tesseract 3.04.00' />
  <meta name='ocr-capabilities' content='ocr_page ocr_carea ocr_par ocr_line ocrx_word'/>
</head>
<body>
  <div class='ocr_page' id='page_1' title='image "./deincubationeca02deubgoog_0099.png"; bbox 0 0 3611 5264; ppageno 0'>
   <div class='ocr_carea' id='block_1_1' title="bbox 1372 300 3097 364">
    <p class='ocr_par' dir='ltr' id='par_1_1' title="bbox 1372 300 3097 364">
     <span class='ocr_line' id='line_1_1' title="bbox 1372 300 3097 364; baseline 0.001 -9"><span class='ocrx_word' id='word_1_1' title='bbox 1372 301 1456 355; x_wconf 93' lang='lat' dir='ltr'><em>De</em></span> <span class='ocrx_word' id='word_1_2' title='bbox 1493 300 1861 355; x_wconf 76' lang='lat' dir='ltr'><strong>incubatione</strong></span> <span class='ocrx_word' id='word_1_3' title='bbox 1898 301 2225 355; x_wconf 85' lang='lat' dir='ltr'>christiana.</span> <span class='ocrx_word' id='word_1_4' title='bbox 3015 301 3097 364; x_wconf 83' lang='lat'><em>87</em></span> 
     </span>
    </p>
   </div>
   <div class='ocr_carea' id='block_1_2' title="bbox 457 461 3146 4280">
    <p class='ocr_par' dir='ltr' id='par_1_2' title="bbox 464 461 3146 2802">
     <span class='ocr_line' id='line_1_2' title="bbox 483 461 3146 550; baseline -0 -19"><span class='ocrx_word' id='word_1_5' title='bbox 483 468 670 550; x_wconf 81' lang='grc' dir='ltr'><strong><em>μόλις</em></strong></span> <span class='ocrx_word' id='word_1_6' title='bbox 727 468 821 542; x_wconf 79' lang='grc' dir='ltr'><em>εἰς</em></span> <span class='ocrx_word' id='word_1_7' title='bbox 876 466 1275 550; x_wconf 80' lang='grc' dir='ltr'><em>τοῦδαφος</em></span> <span class='ocrx_word' id='word_1_8' title='bbox 1322 464 1513 530; x_wconf 81' lang='grc' dir='ltr'><em>ἔκειτ’</em></span> <span class='ocrx_word' id='word_1_9' title='bbox 1578 465 1832 549; x_wconf 83' lang='grc' dir='ltr'><em>ὀδύνην</em></span> <span class='ocrx_word' id='word_1_10' title='bbox 1889 467 2261 550; x_wconf 80' lang='grc' dir='ltr'><em>οἰμώζουσα</em></span> <span class='ocrx_word' id='word_1_11' title='bbox 2307 465 2413 549; x_wconf 99' lang='grc'><em>20,</em></span> <span class='ocrx_word' id='word_1_12' title='bbox 2443 465 2612 529; x_wconf 95' lang='grc'><em>3481</em></span> <span class='ocrx_word' id='word_1_13' title='bbox 2637 462 2715 529; x_wconf 89' lang='lat' dir='ltr'><em>A.</em></span> <span class='ocrx_word' id='word_1_14' title='bbox 2775 463 2816 548; x_wconf 80' lang='grc' dir='ltr'><em>ἡ</em></span> <span class='ocrx_word' id='word_1_15' title='bbox 2865 462 2940 529; x_wconf 73' lang='grc' dir='ltr'><em>δὲ</em></span> <span class='ocrx_word' id='word_1_16' title='bbox 2979 518 2990 530; x_wconf 93' lang='grc'><strong>.</strong></span> <span class='ocrx_word' id='word_1_17' title='bbox 3032 517 3043 529; x_wconf 96' lang='grc'><em>.</em></span> <span class='ocrx_word' id='word_1_18' title='bbox 3086 461 3146 530; x_wconf 66' lang='lat' dir='ltr'><em>.s</em></span> 
     </span>
     <span class='ocr_line' id='line_1_3' title="bbox 482 562 3098 650; baseline -0.001 -21"><span class='ocrx_word' id='word_1_19' title='bbox 482 573 558 649; x_wconf 76' lang='grc' dir='ltr'><em>τῇ</em></span> <span class='ocrx_word' id='word_1_20' title='bbox 605 573 968 650; x_wconf 76' lang='grc' dir='ltr'><em>στρωμνῇ</em></span> <span class='ocrx_word' id='word_1_21' title='bbox 1015 574 1136 628; x_wconf 91' lang='grc' dir='ltr'><em>τοῦ</em></span> <span class='ocrx_word' id='word_1_22' title='bbox 1184 564 1429 650; x_wconf 90' lang='grc' dir='ltr'><em>ἀνδρὸς</em></span> <span class='ocrx_word' id='word_1_23' title='bbox 1475 564 1863 643; x_wconf 82' lang='grc' dir='ltr'><em>ἀτενίζουσα</em></span> <span class='ocrx_word' id='word_1_24' title='bbox 1908 563 1969 647; x_wconf 93' lang='grc'><em>5,</em></span> <span class='ocrx_word' id='word_1_25' title='bbox 2000 563 2257 628; x_wconf 84' lang='grc' dir='ltr'><strong>2433Β.</strong></span> <span class='ocrx_word' id='word_1_26' title='bbox 2323 572 2438 647; x_wconf 89' lang='grc' dir='ltr'><em>τῆς</em></span> <span class='ocrx_word' id='word_1_27' title='bbox 2493 572 2900 649; x_wconf 77' lang='grc' dir='ltr'><em>στρωμνῆς</em></span> <span class='ocrx_word' id='word_1_28' title='bbox 2956 562 3098 628; x_wconf 91' lang='grc' dir='ltr'><em>ἀνι-</em></span> 
     </span>
     <span class='ocr_line' id='line_1_4' title="bbox 482 660 3098 749; baseline 0 -23"><span class='ocrx_word' id='word_1_29' title='bbox 482 663 799 746; x_wconf 87' lang='grc' dir='ltr'><em>στάμενος</em></span> <span class='ocrx_word' id='word_1_30' title='bbox 831 662 931 744; x_wconf 90' lang='grc'><em>18,</em></span> <span class='ocrx_word' id='word_1_31' title='bbox 961 661 1134 724; x_wconf 83' lang='grc'><strong>3477</strong></span> <span class='ocrx_word' id='word_1_32' title='bbox 1153 660 1230 726; x_wconf 91' lang='grc' dir='ltr'><em>Α.</em></span> <span class='ocrx_word' id='word_1_33' title='bbox 1278 660 1577 748; x_wconf 76' lang='grc' dir='ltr'><em>ἐγερθεὶς</em></span> <span class='ocrx_word' id='word_1_34' title='bbox 1622 662 1735 745; x_wconf 84' lang='grc' dir='ltr'><em>τὴς</em></span> <span class='ocrx_word' id='word_1_35' title='bbox 1783 671 2189 749; x_wconf 79' lang='grc' dir='ltr'><em>στρωμνῆς</em></span> <span class='ocrx_word' id='word_1_36' title='bbox 2235 662 2320 726; x_wconf 92' lang='lat' dir='ltr'><em>ib.</em></span> <span class='ocrx_word' id='word_1_37' title='bbox 2359 661 2487 726; x_wconf 90' lang='grc' dir='ltr'><em>ἀπὸ</em></span> <span class='ocrx_word' id='word_1_38' title='bbox 2525 670 2640 744; x_wconf 93' lang='grc' dir='ltr'><em>τῆς</em></span> <span class='ocrx_word' id='word_1_39' title='bbox 2687 670 3098 747; x_wconf 80' lang='grc' dir='ltr'><em>στρωμνῆς</em></span> 
     </span>
     <span class='ocr_line' id='line_1_5' title="bbox 480 757 3096 846; baseline -0 -22"><span class='ocrx_word' id='word_1_40' title='bbox 480 759 912 844; x_wconf 77' lang='grc' dir='ltr'><em>ἀνιστάμενος</em></span> <span class='ocrx_word' id='word_1_41' title='bbox 980 760 1082 844; x_wconf 86' lang='grc'><em>23,</em></span> <span class='ocrx_word' id='word_1_42' title='bbox 1114 759 1288 824; x_wconf 87' lang='grc'><strong>3488</strong></span> <span class='ocrx_word' id='word_1_43' title='bbox 1308 759 1387 825; x_wconf 91' lang='lat' dir='ltr'><em>D.</em></span> <span class='ocrx_word' id='word_1_44' title='bbox 1497 769 1611 843; x_wconf 91' lang='grc' dir='ltr'><em>τῆς</em></span> <span class='ocrx_word' id='word_1_45' title='bbox 1685 769 2092 846; x_wconf 82' lang='grc' dir='ltr'><em>στρωμνῆς</em></span> <span class='ocrx_word' id='word_1_46' title='bbox 2167 759 2453 836; x_wconf 89' lang='grc' dir='ltr'><em>ἀναστάς</em></span> <span class='ocrx_word' id='word_1_47' title='bbox 2528 759 2611 823; x_wconf 87' lang='lat' dir='ltr'><em>ib.</em></span> <span class='ocrx_word' id='word_1_48' title='bbox 2679 757 2916 824; x_wconf 80' lang='grc' dir='ltr'><em>ἑαυτὸν</em></span> <span class='ocrx_word' id='word_1_49' title='bbox 2989 758 3096 844; x_wconf 83' lang='grc' dir='ltr'><em>ἐμ-</em></span> 
     </span>
     <span class='ocr_line' id='line_1_6' title="bbox 478 855 3096 944; baseline -0 -22"><span class='ocrx_word' id='word_1_50' title='bbox 478 859 703 941; x_wconf 84' lang='grc' dir='ltr'><em>βαλὼν</em></span> <span class='ocrx_word' id='word_1_51' title='bbox 742 910 755 922; x_wconf 94' lang='grc'><strong>.</strong></span> <span class='ocrx_word' id='word_1_52' title='bbox 796 910 809 922; x_wconf 94' lang='grc'><strong>.</strong></span> <span class='ocrx_word' id='word_1_53' title='bbox 850 910 862 922; x_wconf 93' lang='grc'><strong>.</strong></span> <span class='ocrx_word' id='word_1_54' title='bbox 902 859 1300 944; x_wconf 80' lang='grc' dir='ltr'><em>στρώμασι</em></span> <span class='ocrx_word' id='word_1_55' title='bbox 1340 910 1352 922; x_wconf 93' lang='grc'><strong>.</strong></span> <span class='ocrx_word' id='word_1_56' title='bbox 1394 910 1406 923; x_wconf 92' lang='grc'><strong>.</strong></span> <span class='ocrx_word' id='word_1_57' title='bbox 1448 910 1461 923; x_wconf 92' lang='grc'><strong>.</strong></span> <span class='ocrx_word' id='word_1_58' title='bbox 1509 858 1872 941; x_wconf 86' lang='grc' dir='ltr'><em>ἀφύπνωσε</em></span> <span class='ocrx_word' id='word_1_59' title='bbox 1918 858 2023 942; x_wconf 87' lang='grc'><strong>36,</strong></span> <span class='ocrx_word' id='word_1_60' title='bbox 2053 856 2224 922; x_wconf 81' lang='grc'><strong>3557</strong></span> <span class='ocrx_word' id='word_1_61' title='bbox 2247 855 2324 922; x_wconf 91' lang='grc' dir='ltr'><em>Α.</em></span> <span class='ocrx_word' id='word_1_62' title='bbox 2373 855 2479 923; x_wconf 82' lang='grc' dir='ltr'><em>ἐπὶ</em></span> <span class='ocrx_word' id='word_1_63' title='bbox 2526 866 2641 942; x_wconf 89' lang='grc' dir='ltr'><em>τῆς</em></span> <span class='ocrx_word' id='word_1_64' title='bbox 2688 866 3096 943; x_wconf 90' lang='grc' dir='ltr'><em>στρωμνῆς</em></span> 
     </span>
     <span class='ocr_line' id='line_1_7' title="bbox 478 953 3094 1042; baseline -0 -22"><span class='ocrx_word' id='word_1_65' title='bbox 478 955 513 1020; x_wconf 88' lang='grc' dir='ltr'>ὁ</span> <span class='ocrx_word' id='word_1_66' title='bbox 553 954 865 1041; x_wconf 79' lang='grc' dir='ltr'><em>Ἰωάννης</em></span> <span class='ocrx_word' id='word_1_67' title='bbox 914 956 1277 1021; x_wconf 78' lang='grc' dir='ltr'><em>ἐκάθευδεν</em></span> <span class='ocrx_word' id='word_1_68' title='bbox 1323 957 1427 1039; x_wconf 86' lang='grc'><em>37,</em></span> <span class='ocrx_word' id='word_1_69' title='bbox 1457 954 1627 1020; x_wconf 90' lang='grc'><strong>3561</strong></span> <span class='ocrx_word' id='word_1_70' title='bbox 1654 954 1719 1021; x_wconf 84' lang='lat' dir='ltr'><em>C.</em></span> <span class='ocrx_word' id='word_1_71' title='bbox 1767 955 1988 1021; x_wconf 81' lang='grc' dir='ltr'><em>ὕπνου</em></span> <span class='ocrx_word' id='word_1_72' title='bbox 2026 953 2100 1021; x_wconf 80' lang='grc' dir='ltr'><em>δὲ</em></span> <span class='ocrx_word' id='word_1_73' title='bbox 2136 954 2246 1021; x_wconf 82' lang='grc' dir='ltr'><em>καὶ</em></span> <span class='ocrx_word' id='word_1_74' title='bbox 2284 956 2763 1042; x_wconf 88' lang='grc' dir='ltr'><em>στρωμάτων</em></span> <span class='ocrx_word' id='word_1_75' title='bbox 2808 955 3094 1032; x_wconf 89' lang='grc' dir='ltr'><em>ἀναστάς</em></span> 
     </span>
     <span class='ocr_line' id='line_1_8' title="bbox 477 1052 3094 1140; baseline 0.001 -24"><span class='ocrx_word' id='word_1_76' title='bbox 477 1054 591 1138; x_wconf 69' lang='grc'><em>42,</em></span> <span class='ocrx_word' id='word_1_77' title='bbox 631 1052 805 1117; x_wconf 86' lang='grc'><em>3585</em></span> <span class='ocrx_word' id='word_1_78' title='bbox 826 1053 903 1118; x_wconf 91' lang='lat' dir='ltr'><em>D.</em></span> <span class='ocrx_word' id='word_1_79' title='bbox 985 1052 1305 1138; x_wconf 79' lang='grc' dir='ltr'><em>φανέντες</em></span> <span class='ocrx_word' id='word_1_80' title='bbox 1364 1056 1490 1140; x_wconf 74' lang='grc' dir='ltr'><em>γὰρ</em></span> <span class='ocrx_word' id='word_1_81' title='bbox 1558 1054 1735 1140; x_wconf 76' lang='grc' dir='ltr'><em>αὐτῷ</em></span> <span class='ocrx_word' id='word_1_82' title='bbox 1795 1052 1948 1119; x_wconf 87' lang='grc' dir='ltr'><em>καθ’</em></span> <span class='ocrx_word' id='word_1_83' title='bbox 2018 1054 2273 1131; x_wconf 91' lang='grc' dir='ltr'><em>ὕπνους</em></span> <span class='ocrx_word' id='word_1_84' title='bbox 2329 1052 2439 1118; x_wconf 85' lang='grc' dir='ltr'><em>καὶ</em></span> <span class='ocrx_word' id='word_1_85' title='bbox 2501 1054 2935 1139; x_wconf 87' lang='grc' dir='ltr'><em>στρωμνάς,</em></span> <span class='ocrx_word' id='word_1_86' title='bbox 2996 1054 3094 1129; x_wconf 82' lang='grc' dir='ltr'><em>ὡς</em></span> 
     </span>
     <span class='ocr_line' id='line_1_9' title="bbox 481 1149 3091 1238; baseline -0 -22"><span class='ocrx_word' id='word_1_87' title='bbox 481 1153 864 1217; x_wconf 85' lang='grc' dir='ltr'><em>εἰώθασιν</em></span> <span class='ocrx_word' id='word_1_88' title='bbox 908 1153 1014 1238; x_wconf 88' lang='grc'><em>43,</em></span> <span class='ocrx_word' id='word_1_89' title='bbox 1043 1151 1216 1216; x_wconf 88' lang='grc'><em>3588</em></span> <span class='ocrx_word' id='word_1_90' title='bbox 1237 1152 1315 1217; x_wconf 90' lang='lat' dir='ltr'><em>D.</em></span> <span class='ocrx_word' id='word_1_91' title='bbox 1374 1152 1696 1217; x_wconf 82' lang='grc' dir='ltr'><em>ἐκάθευδε</em></span> <span class='ocrx_word' id='word_1_92' title='bbox 1742 1149 2037 1236; x_wconf 85' lang='grc' dir='ltr'><em>Πιαμὼθ</em></span> <span class='ocrx_word' id='word_1_93' title='bbox 2085 1150 2190 1217; x_wconf 89' lang='grc' dir='ltr'><em>ἐπὶ</em></span> <span class='ocrx_word' id='word_1_94' title='bbox 2239 1152 2647 1237; x_wconf 89' lang='grc' dir='ltr'><em>στρώματα</em></span> <span class='ocrx_word' id='word_1_95' title='bbox 2693 1151 2798 1236; x_wconf 86' lang='grc'><em>49,</em></span> <span class='ocrx_word' id='word_1_96' title='bbox 2828 1149 3091 1215; x_wconf 81' lang='grc'><strong>36051).</strong></span> 
     </span>
     <span class='ocr_line' id='line_1_10' title="bbox 476 1247 3090 1337; baseline 0 -23"><span class='ocrx_word' id='word_1_97' title='bbox 476 1249 839 1316; x_wconf 83' lang='grc' dir='ltr'><em>ἐκάθευδεν</em></span> <span class='ocrx_word' id='word_1_98' title='bbox 875 1248 950 1315; x_wconf 74' lang='grc' dir='ltr'><em>δὲ</em></span> <span class='ocrx_word' id='word_1_99' title='bbox 986 1250 1092 1317; x_wconf 84' lang='grc' dir='ltr'><em>ἐπὶ</em></span> <span class='ocrx_word' id='word_1_100' title='bbox 1130 1261 1245 1335; x_wconf 90' lang='grc' dir='ltr'><em>τῆς</em></span> <span class='ocrx_word' id='word_1_101' title='bbox 1291 1258 1700 1337; x_wconf 89' lang='grc' dir='ltr'><em>στρωμνῆς</em></span> <span class='ocrx_word' id='word_1_102' title='bbox 1747 1249 1781 1314; x_wconf 91' lang='grc' dir='ltr'>ὁ</span> <span class='ocrx_word' id='word_1_103' title='bbox 1830 1250 2141 1326; x_wconf 91' lang='grc' dir='ltr'><em>διάκονος</em></span> <span class='ocrx_word' id='word_1_104' title='bbox 2170 1249 2274 1332; x_wconf 90' lang='grc'><em>61,</em></span> <span class='ocrx_word' id='word_1_105' title='bbox 2303 1249 2474 1312; x_wconf 84' lang='grc'><strong>3637</strong></span> <span class='ocrx_word' id='word_1_106' title='bbox 2498 1247 2561 1314; x_wconf 84' lang='lat' dir='ltr'><em>C.</em></span> <span class='ocrx_word' id='word_1_107' title='bbox 2610 1248 2929 1334; x_wconf 83' lang='grc' dir='ltr'><em>φανέντες</em></span> <span class='ocrx_word' id='word_1_108' title='bbox 2964 1252 3090 1336; x_wconf 75' lang='grc' dir='ltr'><em>γὰρ</em></span> 
     </span>
     <span class='ocr_line' id='line_1_11' title="bbox 475 1346 3090 1435; baseline 0 -24"><span class='ocrx_word' id='word_1_109' title='bbox 475 1348 652 1435; x_wconf 77' lang='grc' dir='ltr'><em>αὐτῷ</em></span> <span class='ocrx_word' id='word_1_110' title='bbox 703 1401 715 1413; x_wconf 94' lang='grc'><strong>.</strong></span> <span class='ocrx_word' id='word_1_111' title='bbox 766 1400 778 1412; x_wconf 89' lang='grc'><strong>.</strong></span> <span class='ocrx_word' id='word_1_112' title='bbox 826 1399 839 1412; x_wconf 94' lang='grc'><strong>.</strong></span> <span class='ocrx_word' id='word_1_113' title='bbox 889 1348 993 1414; x_wconf 82' lang='grc' dir='ltr'><em>ἐπὶ</em></span> <span class='ocrx_word' id='word_1_114' title='bbox 1043 1360 1182 1414; x_wconf 75' lang='grc' dir='ltr'><em>’τῶν</em></span> <span class='ocrx_word' id='word_1_115' title='bbox 1236 1349 1640 1435; x_wconf 78' lang='grc' dir='ltr'><em>στρωμάτων</em></span> <span class='ocrx_word' id='word_1_116' title='bbox 1691 1348 2096 1413; x_wconf 83' lang='grc' dir='ltr'><em>καθεύδοντι</em></span> <span class='ocrx_word' id='word_1_117' title='bbox 2152 1346 2256 1431; x_wconf 91' lang='grc'><em>65,</em></span> <span class='ocrx_word' id='word_1_118' title='bbox 2286 1347 2458 1413; x_wconf 85' lang='grc'><em>3648</em></span> <span class='ocrx_word' id='word_1_119' title='bbox 2480 1347 2559 1411; x_wconf 88' lang='lat' dir='ltr'><em>D.</em></span> <span class='ocrx_word' id='word_1_120' title='bbox 2634 1347 2919 1423; x_wconf 81' lang='grc' dir='ltr'><em>ἀναστὰς</em></span> <span class='ocrx_word' id='word_1_121' title='bbox 2964 1349 3090 1433; x_wconf 76' lang='grc' dir='ltr'><em>γὰρ</em></span> 
     </span>
     <span class='ocr_line' id='line_1_12' title="bbox 473 1441 3090 1532; baseline 0 -22"><span class='ocrx_word' id='word_1_122' title='bbox 473 1445 622 1530; x_wconf 85' lang='grc' dir='ltr'><em>μεθ’</em></span> <span class='ocrx_word' id='word_1_123' title='bbox 679 1446 896 1511; x_wconf 82' lang='grc' dir='ltr'><em>ὕπνον</em></span> <span class='ocrx_word' id='word_1_124' title='bbox 941 1456 1061 1512; x_wconf 90' lang='grc' dir='ltr'><em>τοῦ</em></span> <span class='ocrx_word' id='word_1_125' title='bbox 1109 1448 1566 1532; x_wconf 84' lang='grc' dir='ltr'><em>στρώματος</em></span> <span class='ocrx_word' id='word_1_126' title='bbox 1613 1447 1717 1531; x_wconf 86' lang='grc'><strong>69,</strong></span> <span class='ocrx_word' id='word_1_127' title='bbox 1746 1445 1923 1509; x_wconf 89' lang='grc'><em>3664</em></span> <span class='ocrx_word' id='word_1_128' title='bbox 1942 1444 2019 1510; x_wconf 92' lang='grc' dir='ltr'><em>Α.</em></span> <span class='ocrx_word' id='word_1_129' title='bbox 2067 1445 2186 1524; x_wconf 82' lang='grc' dir='ltr'><em>νὺξ</em></span> <span class='ocrx_word' id='word_1_130' title='bbox 2235 1441 2340 1529; x_wconf 78' lang='grc' dir='ltr'><em>ἦν,</em></span> <span class='ocrx_word' id='word_1_131' title='bbox 2384 1442 2495 1510; x_wconf 85' lang='grc' dir='ltr'><em>καὶ</em></span> <span class='ocrx_word' id='word_1_132' title='bbox 2544 1448 2946 1530; x_wconf 89' lang='grc' dir='ltr'><em>Σωφρόνιος</em></span> <span class='ocrx_word' id='word_1_133' title='bbox 2983 1444 3090 1510; x_wconf 82' lang='grc' dir='ltr'><em>ἐπὶ</em></span> 
     </span>
     <span class='ocr_line' id='line_1_13' title="bbox 473 1541 3087 1630; baseline -0 -22"><span class='ocrx_word' id='word_1_134' title='bbox 473 1554 607 1609; x_wconf 84' lang='grc' dir='ltr'><em>τῶν</em></span> <span class='ocrx_word' id='word_1_135' title='bbox 634 1543 1109 1629; x_wconf 89' lang='grc' dir='ltr'><em>στρωμάτων</em></span> <span class='ocrx_word' id='word_1_136' title='bbox 1138 1544 1458 1610; x_wconf 85' lang='grc' dir='ltr'><em>ἐκάθευδε</em></span> <span class='ocrx_word' id='word_1_137' title='bbox 1496 1543 1863 1630; x_wconf 84' lang='grc' dir='ltr'><strong>70,3669Α.</strong></span> <span class='ocrx_word' id='word_1_138' title='bbox 1922 1555 2223 1630; x_wconf 82' lang='grc' dir='ltr'><em>στρῶσις,</em></span> <span class='ocrx_word' id='word_1_139' title='bbox 2254 1547 2597 1629; x_wconf 84' lang='grc' dir='ltr'><em>στρωμναί</em></span> <span class='ocrx_word' id='word_1_140' title='bbox 2629 1543 2733 1626; x_wconf 84' lang='grc'><strong>67,</strong></span> <span class='ocrx_word' id='word_1_141' title='bbox 2749 1541 3007 1607; x_wconf 86' lang='grc' dir='ltr'><strong>3653Β.</strong></span> <span class='ocrx_word' id='word_1_142' title='bbox 3022 1542 3087 1607; x_wconf 84' lang='lat' dir='ltr'><em>G.</em></span> 
     </span>
     <span class='ocr_line' id='line_1_14' title="bbox 478 1639 3086 1727; baseline 0.001 -23"><span class='ocrx_word' id='word_1_143' title='bbox 478 1680 559 1687; x_wconf 90' lang='grc'><em>--</em></span> <span class='ocrx_word' id='word_1_144' title='bbox 609 1639 881 1706; x_wconf 88' lang='lat' dir='ltr'>Anticus</span> <span class='ocrx_word' id='word_1_145' title='bbox 929 1644 998 1706; x_wconf 90' lang='lat' dir='ltr'>in</span> <span class='ocrx_word' id='word_1_146' title='bbox 1044 1643 1185 1727; x_wconf 91' lang='lat' dir='ltr'>ipsa</span> <span class='ocrx_word' id='word_1_147' title='bbox 1229 1646 1400 1707; x_wconf 90' lang='lat' dir='ltr'>terra</span> <span class='ocrx_word' id='word_1_148' title='bbox 1446 1643 1789 1707; x_wconf 86' lang='lat' dir='ltr'>incubandi</span> <span class='ocrx_word' id='word_1_149' title='bbox 1834 1644 1998 1707; x_wconf 88' lang='lat' dir='ltr'>ritus</span> <span class='ocrx_word' id='word_1_150' title='bbox 2044 1642 2370 1726; x_wconf 79' lang='lat' dir='ltr'>perlucere</span> <span class='ocrx_word' id='word_1_151' title='bbox 2426 1641 2587 1705; x_wconf 86' lang='lat' dir='ltr'>mihi</span> <span class='ocrx_word' id='word_1_152' title='bbox 2647 1642 2902 1705; x_wconf 87' lang='lat' dir='ltr'>videtur</span> <span class='ocrx_word' id='word_1_153' title='bbox 2946 1642 3086 1706; x_wconf 88' lang='lat' dir='ltr'>mir.</span> 
     </span>
     <span class='ocr_line' id='line_1_15' title="bbox 472 1740 3086 1825; baseline 0 -23"><span class='ocrx_word' id='word_1_154' title='bbox 472 1740 584 1823; x_wconf 87' lang='grc'><em>24,</em></span> <span class='ocrx_word' id='word_1_155' title='bbox 623 1740 799 1803; x_wconf 84' lang='grc'><em>3492</em></span> <span class='ocrx_word' id='word_1_156' title='bbox 818 1742 899 1804; x_wconf 90' lang='lat' dir='ltr'><em>B:</em></span> <span class='ocrx_word' id='word_1_157' title='bbox 977 1742 1154 1805; x_wconf 83' lang='lat' dir='ltr'>dives</span> <span class='ocrx_word' id='word_1_158' title='bbox 1228 1741 1460 1805; x_wconf 84' lang='lat' dir='ltr'>mulier</span> <span class='ocrx_word' id='word_1_159' title='bbox 1531 1745 1723 1824; x_wconf 88' lang='lat' dir='ltr'>atque</span> <span class='ocrx_word' id='word_1_160' title='bbox 1795 1764 2039 1825; x_wconf 84' lang='lat' dir='ltr'>pauper</span> <span class='ocrx_word' id='word_1_161' title='bbox 2112 1741 2334 1805; x_wconf 91' lang='lat' dir='ltr'>eodem</span> <span class='ocrx_word' id='word_1_162' title='bbox 2407 1744 2695 1824; x_wconf 89' lang='lat' dir='ltr'>tempore</span> <span class='ocrx_word' id='word_1_163' title='bbox 2773 1743 3086 1822; x_wconf 86' lang='lat' dir='ltr'>martyres</span> 
     </span>
     <span class='ocr_line' id='line_1_16' title="bbox 473 1835 3085 1925; baseline -0 -23"><span class='ocrx_word' id='word_1_164' title='bbox 473 1839 735 1923; x_wconf 79' lang='lat' dir='ltr'>adeunt3</span> <span class='ocrx_word' id='word_1_165' title='bbox 781 1838 820 1922; x_wconf 83' lang='grc' dir='ltr'><em>ἡ</em></span> <span class='ocrx_word' id='word_1_166' title='bbox 866 1835 991 1923; x_wconf 73' lang='grc' dir='ltr'><em>μὲν</em></span> <span class='ocrx_word' id='word_1_167' title='bbox 1037 1841 1163 1925; x_wconf 75' lang='grc' dir='ltr'><em>γὰρ</em></span> <span class='ocrx_word' id='word_1_168' title='bbox 1212 1841 1329 1904; x_wconf 91' lang='grc' dir='ltr'><em>τὸν</em></span> <span class='ocrx_word' id='word_1_169' title='bbox 1374 1841 1578 1922; x_wconf 76' lang='grc' dir='ltr'><em>ὄγκον</em></span> <span class='ocrx_word' id='word_1_170' title='bbox 1633 1838 1753 1904; x_wconf 82' lang='grc' dir='ltr'><em>οὐκ</em></span> <span class='ocrx_word' id='word_1_171' title='bbox 1808 1838 2238 1922; x_wconf 81' lang='grc' dir='ltr'><em>ἀποβαλοῦσα</em></span> <span class='ocrx_word' id='word_1_172' title='bbox 2293 1840 2412 1903; x_wconf 90' lang='grc' dir='ltr'><em>τὸν</em></span> <span class='ocrx_word' id='word_1_173' title='bbox 2466 1839 2747 1922; x_wconf 92' lang='grc' dir='ltr'><em>μάταιον</em></span> <span class='ocrx_word' id='word_1_174' title='bbox 2795 1889 2807 1901; x_wconf 89' lang='grc'><strong>.</strong></span> <span class='ocrx_word' id='word_1_175' title='bbox 2857 1889 2869 1901; x_wconf 93' lang='grc'><strong>.</strong></span> <span class='ocrx_word' id='word_1_176' title='bbox 2919 1890 2931 1902; x_wconf 92' lang='grc'><strong>.</strong></span> <span class='ocrx_word' id='word_1_177' title='bbox 2980 1836 3085 1902; x_wconf 86' lang='grc' dir='ltr'><em>ε’πὶ</em></span> 
     </span>
     <span class='ocr_line' id='line_1_17' title="bbox 469 1933 3086 2022; baseline 0 -22"><span class='ocrx_word' id='word_1_178' title='bbox 469 1939 700 2020; x_wconf 83' lang='grc' dir='ltr'><em>κλίνης</em></span> <span class='ocrx_word' id='word_1_179' title='bbox 744 1938 872 2021; x_wconf 89' lang='grc' dir='ltr'><em>πρὸ</em></span> <span class='ocrx_word' id='word_1_180' title='bbox 920 1946 1039 2002; x_wconf 91' lang='grc' dir='ltr'><em>τοῦ</em></span> <span class='ocrx_word' id='word_1_181' title='bbox 1098 1940 1433 2022; x_wconf 84' lang='grc' dir='ltr'><em>μνήματος</em></span> <span class='ocrx_word' id='word_1_182' title='bbox 1489 1940 1721 2003; x_wconf 83' lang='grc' dir='ltr'><em>ἔκειτο·</em></span> <span class='ocrx_word' id='word_1_183' title='bbox 1778 1936 1818 2019; x_wconf 82' lang='grc' dir='ltr'>ἡ</span> <span class='ocrx_word' id='word_1_184' title='bbox 1879 1933 1951 2001; x_wconf 76' lang='grc' dir='ltr'><em>δὲ</em></span> <span class='ocrx_word' id='word_1_185' title='bbox 2008 1935 2128 2015; x_wconf 81' lang='grc' dir='ltr'><em>ἔξω</em></span> <span class='ocrx_word' id='word_1_186' title='bbox 2183 1937 2313 2022; x_wconf 92' lang='grc' dir='ltr'><em>πρὸ</em></span> <span class='ocrx_word' id='word_1_187' title='bbox 2370 1944 2490 2001; x_wconf 93' lang='grc' dir='ltr'><em>τοῦ</em></span> <span class='ocrx_word' id='word_1_188' title='bbox 2544 1941 2853 2012; x_wconf 81' lang='grc' dir='ltr'><em>πυλῶνος</em></span> <span class='ocrx_word' id='word_1_189' title='bbox 2909 1936 3086 2020; x_wconf 88' lang='grc' dir='ltr'><em>ἐκβέ-</em></span> 
     </span>
     <span class='ocr_line' id='line_1_18' title="bbox 469 2032 3083 2122; baseline 0 -24"><span class='ocrx_word' id='word_1_190' title='bbox 469 2038 672 2117; x_wconf 86' lang='grc' dir='ltr'><em>βλητο</em></span> <span class='ocrx_word' id='word_1_191' title='bbox 722 2085 734 2098; x_wconf 92' lang='grc'><strong>.</strong></span> <span class='ocrx_word' id='word_1_192' title='bbox 785 2086 797 2097; x_wconf 89' lang='grc'><strong>.</strong></span> <span class='ocrx_word' id='word_1_193' title='bbox 848 2086 860 2097; x_wconf 95' lang='grc'><strong>.</strong></span> <span class='ocrx_word' id='word_1_194' title='bbox 909 2036 978 2100; x_wconf 79' lang='grc' dir='ltr'><em>οἱ</em></span> <span class='ocrx_word' id='word_1_195' title='bbox 1020 2032 1093 2099; x_wconf 70' lang='grc' dir='ltr'><em>δὲ</em></span> <span class='ocrx_word' id='word_1_196' title='bbox 1138 2037 1465 2122; x_wconf 92' lang='grc' dir='ltr'><em>μάρτυρες</em></span> <span class='ocrx_word' id='word_1_197' title='bbox 1513 2042 1671 2111; x_wconf 80' lang='grc' dir='ltr'><em>ἴσως</em></span> <span class='ocrx_word' id='word_1_198' title='bbox 1716 2034 2120 2121; x_wconf 81' lang='grc' dir='ltr'><em>ἀμφοτέραις</em></span> <span class='ocrx_word' id='word_1_199' title='bbox 2157 2033 2534 2118; x_wconf 90' lang='grc' dir='ltr'><em>ἐφαίνοντο.</em></span> <span class='ocrx_word' id='word_1_200' title='bbox 2608 2033 2893 2098; x_wconf 87' lang='lat' dir='ltr'>Divitem</span> <span class='ocrx_word' id='word_1_201' title='bbox 2931 2057 3083 2099; x_wconf 85' lang='lat' dir='ltr'>vero</span> 
     </span>
     <span class='ocr_line' id='line_1_19' title="bbox 470 2131 3083 2219; baseline 0.001 -24"><span class='ocrx_word' id='word_1_202' title='bbox 470 2132 852 2196; x_wconf 89' lang='lat' dir='ltr'>adlocuntur</span> <span class='ocrx_word' id='word_1_203' title='bbox 896 2133 1019 2197; x_wconf 90' lang='lat' dir='ltr'><em>hoc</em></span> <span class='ocrx_word' id='word_1_204' title='bbox 1065 2134 1283 2199; x_wconf 90' lang='lat' dir='ltr'>modo:</span> <span class='ocrx_word' id='word_1_205' title='bbox 1332 2138 1401 2198; x_wconf 89' lang='grc' dir='ltr'><em>τί</em></span> <span class='ocrx_word' id='word_1_206' title='bbox 1440 2137 1878 2218; x_wconf 87' lang='grc' dir='ltr'><em>κατείληφας.</em></span> <span class='ocrx_word' id='word_1_207' title='bbox 1915 2134 2076 2198; x_wconf 82' lang='grc' dir='ltr'><em>,τὸν</em></span> <span class='ocrx_word' id='word_1_208' title='bbox 2124 2133 2330 2217; x_wconf 87' lang='grc' dir='ltr'><em>σηκὸν</em></span> <span class='ocrx_word' id='word_1_209' title='bbox 2376 2133 2494 2197; x_wconf 90' lang='grc' dir='ltr'><em>τὸν</em></span> <span class='ocrx_word' id='word_1_210' title='bbox 2528 2131 2876 2219; x_wconf 81' lang='grc' dir='ltr'><em>ἡμέτερον;</em></span> <span class='ocrx_word' id='word_1_211' title='bbox 2923 2132 3083 2198; x_wconf 91' lang='grc' dir='ltr'><em>ἀπο-</em></span> 
     </span>
     <span class='ocr_line' id='line_1_20' title="bbox 470 2227 3082 2316; baseline 0 -22"><span class='ocrx_word' id='word_1_212' title='bbox 470 2234 818 2315; x_wconf 87' lang='grc' dir='ltr'><em>κριθείσης</em></span> <span class='ocrx_word' id='word_1_213' title='bbox 864 2227 967 2315; x_wconf 72' lang='grc' dir='ltr'><em>δὲ,</em></span> <span class='ocrx_word' id='word_1_214' title='bbox 1024 2231 1114 2307; x_wconf 83' lang='grc' dir='ltr'><em>ὡς</em></span> <span class='ocrx_word' id='word_1_215' title='bbox 1168 2232 1397 2314; x_wconf 79' lang='grc' dir='ltr'><em>ὑγείας</em></span> <span class='ocrx_word' id='word_1_216' title='bbox 1449 2243 1674 2316; x_wconf 79' lang='grc' dir='ltr'><em>τυχεῖν</em></span> <span class='ocrx_word' id='word_1_217' title='bbox 1731 2231 2157 2316; x_wconf 84' lang='grc' dir='ltr'><em>ἐπιθυμοῦσα</em></span> <span class='ocrx_word' id='word_1_218' title='bbox 2210 2229 2321 2295; x_wconf 82' lang='grc' dir='ltr'><em>καὶ</em></span> <span class='ocrx_word' id='word_1_219' title='bbox 2377 2230 2670 2315; x_wconf 80' lang='grc' dir='ltr'><em>ῥώσεως,</em></span> <span class='ocrx_word' id='word_1_220' title='bbox 2727 2232 2789 2295; x_wconf 84' lang='grc' dir='ltr'><em>εἰ</em></span> <span class='ocrx_word' id='word_1_221' title='bbox 2840 2229 3082 2315; x_wconf 83' lang='grc' dir='ltr'><em>θέλεις,</em></span> 
     </span>
     <span class='ocr_line' id='line_1_21' title="bbox 471 2325 3081 2415; baseline 0.001 -23"><span class='ocrx_word' id='word_1_222' title='bbox 471 2332 701 2412; x_wconf 86' lang='grc' dir='ltr'><em>φασίν,</em></span> <span class='ocrx_word' id='word_1_223' title='bbox 748 2338 953 2394; x_wconf 91' lang='grc' dir='ltr'><em>ταῦτα</em></span> <span class='ocrx_word' id='word_1_224' title='bbox 999 2330 1168 2415; x_wconf 90' lang='grc' dir='ltr'><em>πρὸς</em></span> <span class='ocrx_word' id='word_1_225' title='bbox 1213 2329 1401 2413; x_wconf 79' lang='grc' dir='ltr'><em>ἡμῶν</em></span> <span class='ocrx_word' id='word_1_226' title='bbox 1446 2331 1611 2415; x_wconf 78' lang='grc' dir='ltr'><em>ἅπερ</em></span> <span class='ocrx_word' id='word_1_227' title='bbox 1660 2325 1847 2405; x_wconf 79' lang='grc' dir='ltr'><em>εἶπας</em></span> <span class='ocrx_word' id='word_1_228' title='bbox 1893 2333 2327 2413; x_wconf 87' lang='grc' dir='ltr'><em>κομίσασθαι,</em></span> <span class='ocrx_word' id='word_1_229' title='bbox 2383 2328 2727 2411; x_wconf 86' lang='grc' dir='ltr'><em>ἀποβαλοῦ</em></span> <span class='ocrx_word' id='word_1_230' title='bbox 2784 2345 2908 2393; x_wconf 89' lang='grc' dir='ltr'><em>σου</em></span> <span class='ocrx_word' id='word_1_231' title='bbox 2964 2330 3081 2395; x_wconf 90' lang='grc' dir='ltr'><em>τὸν</em></span> 
     </span>
     <span class='ocr_line' id='line_1_22' title="bbox 466 2422 3082 2511; baseline 0.001 -21"><span class='ocrx_word' id='word_1_232' title='bbox 466 2428 800 2511; x_wconf 88' lang='grc' dir='ltr'><em>κράβατον</em></span> <span class='ocrx_word' id='word_1_233' title='bbox 844 2424 955 2491; x_wconf 92' lang='grc' dir='ltr'><em>καὶ</em></span> <span class='ocrx_word' id='word_1_234' title='bbox 1003 2429 1115 2502; x_wconf 88' lang='grc' dir='ltr'><em>εἰς</em></span> <span class='ocrx_word' id='word_1_235' title='bbox 1162 2429 1562 2510; x_wconf 86' lang='grc' dir='ltr'><em>τοῦδαφος</em></span> <span class='ocrx_word' id='word_1_236' title='bbox 1617 2426 2092 2508; x_wconf 88' lang='grc' dir='ltr'><em>ἀνακλίθητι</em></span> <span class='ocrx_word' id='word_1_237' title='bbox 2141 2478 2153 2490; x_wconf 92' lang='grc'><strong>.</strong></span> <span class='ocrx_word' id='word_1_238' title='bbox 2203 2478 2215 2490; x_wconf 94' lang='grc'><strong>.</strong></span> <span class='ocrx_word' id='word_1_239' title='bbox 2266 2477 2278 2490; x_wconf 92' lang='grc'><strong>.</strong></span> <span class='ocrx_word' id='word_1_240' title='bbox 2325 2424 2435 2490; x_wconf 87' lang='grc' dir='ltr'><em>καὶ</em></span> <span class='ocrx_word' id='word_1_241' title='bbox 2496 2434 2574 2510; x_wconf 75' lang='grc' dir='ltr'><em>τῇ</em></span> <span class='ocrx_word' id='word_1_242' title='bbox 2629 2422 2752 2509; x_wconf 73' lang='grc' dir='ltr'><em>μὲν</em></span> <span class='ocrx_word' id='word_1_243' title='bbox 2804 2428 3082 2511; x_wconf 77' lang='grc' dir='ltr'><em>ἤρκεσεν</em></span> 
     </span>
     <span class='ocr_line' id='line_1_23' title="bbox 466 2523 3080 2610; baseline 0.001 -23"><span class='ocrx_word' id='word_1_244' title='bbox 466 2523 506 2606; x_wconf 82' lang='grc' dir='ltr'><em>ἡ</em></span> <span class='ocrx_word' id='word_1_245' title='bbox 555 2527 1063 2608; x_wconf 88' lang='grc' dir='ltr'><em>χαμαικοιτία</em></span> <span class='ocrx_word' id='word_1_246' title='bbox 1107 2525 1272 2610; x_wconf 92' lang='grc' dir='ltr'><em>πρὸς</em></span> <span class='ocrx_word' id='word_1_247' title='bbox 1320 2526 1547 2589; x_wconf 80' lang='grc' dir='ltr'><em>ἄκεσιν</em></span> <span class='ocrx_word' id='word_1_248' title='bbox 1595 2576 1607 2588; x_wconf 95' lang='grc'><strong>.</strong></span> <span class='ocrx_word' id='word_1_249' title='bbox 1657 2575 1669 2588; x_wconf 89' lang='grc'><strong>.</strong></span> <span class='ocrx_word' id='word_1_250' title='bbox 1720 2576 1732 2588; x_wconf 93' lang='grc'><strong>.</strong></span> <span class='ocrx_word' id='word_1_251' title='bbox 1779 2525 1912 2608; x_wconf 75' lang='grc' dir='ltr'><em>ἅμα</em></span> <span class='ocrx_word' id='word_1_252' title='bbox 1958 2526 2084 2609; x_wconf 81' lang='grc' dir='ltr'><em>γὰρ</em></span> <span class='ocrx_word' id='word_1_253' title='bbox 2131 2523 2170 2606; x_wconf 83' lang='grc' dir='ltr'>ἡ</span> <span class='ocrx_word' id='word_1_254' title='bbox 2228 2524 2347 2587; x_wconf 89' lang='grc' dir='ltr'><em>τὸν</em></span> <span class='ocrx_word' id='word_1_255' title='bbox 2405 2524 2681 2609; x_wconf 89' lang='grc' dir='ltr'><em>θώρακα</em></span> <span class='ocrx_word' id='word_1_256' title='bbox 2736 2525 3080 2609; x_wconf 85' lang='grc' dir='ltr'><em>πάσχουσα</em></span> 
     </span>
     <span class='ocr_line' id='line_1_24' title="bbox 466 2617 3081 2708; baseline 0.002 -24"><span class='ocrx_word' id='word_1_257' title='bbox 466 2617 673 2707; x_wconf 82' lang='lat' dir='ltr'>(dives</span> <span class='ocrx_word' id='word_1_258' title='bbox 721 2618 860 2707; x_wconf 89' lang='lat' dir='ltr'>illa)</span> <span class='ocrx_word' id='word_1_259' title='bbox 911 2619 1032 2686; x_wconf 87' lang='grc' dir='ltr'><em>ἐπὶ</em></span> <span class='ocrx_word' id='word_1_260' title='bbox 1089 2630 1224 2706; x_wconf 79' lang='grc' dir='ltr'><em>γῆς</em></span> <span class='ocrx_word' id='word_1_261' title='bbox 1281 2621 1664 2706; x_wconf 88' lang='grc' dir='ltr'><em>ἀνεκλίθη</em></span> <span class='ocrx_word' id='word_1_262' title='bbox 1721 2627 2008 2687; x_wconf 85' lang='grc' dir='ltr'><em>λιποῦσα</em></span> <span class='ocrx_word' id='word_1_263' title='bbox 2052 2622 2171 2687; x_wconf 90' lang='grc' dir='ltr'><em>τὸν</em></span> <span class='ocrx_word' id='word_1_264' title='bbox 2224 2621 2586 2708; x_wconf 86' lang='grc' dir='ltr'><em>κράβατον,</em></span> <span class='ocrx_word' id='word_1_265' title='bbox 2640 2631 2760 2687; x_wconf 90' lang='grc' dir='ltr'><em>τοῦ</em></span> <span class='ocrx_word' id='word_1_266' title='bbox 2814 2621 3081 2700; x_wconf 90' lang='grc' dir='ltr'><em>πάθους</em></span> 
     </span>
     <span class='ocr_line' id='line_1_25' title="bbox 464 2718 858 2802; baseline 0.003 -19"><span class='ocrx_word' id='word_1_267' title='bbox 464 2718 858 2802; x_wconf 88' lang='grc' dir='ltr'><em>ἀπήλλακτο.</em></span> 
     </span>
    </p>

    <p class='ocr_par' dir='ltr' id='par_1_3' title="bbox 459 2816 3079 3688">
     <span class='ocr_line' id='line_1_26' title="bbox 642 2816 3079 2903; baseline 0.001 -21"><span class='ocrx_word' id='word_1_268' title='bbox 642 2816 742 2882; x_wconf 86' lang='grc' dir='ltr'><strong>Ν6</strong></span> <span class='ocrx_word' id='word_1_269' title='bbox 813 2817 1215 2882; x_wconf 88' lang='lat' dir='ltr'>delectabilia</span> <span class='ocrx_word' id='word_1_270' title='bbox 1274 2819 1508 2901; x_wconf 82' lang='lat' dir='ltr'>desint,</span> <span class='ocrx_word' id='word_1_271' title='bbox 1568 2819 1963 2883; x_wconf 90' lang='lat' dir='ltr'>curationem</span> <span class='ocrx_word' id='word_1_272' title='bbox 2019 2818 2353 2883; x_wconf 73' lang='lat' dir='ltr'>adnectam</span> <span class='ocrx_word' id='word_1_273' title='bbox 2410 2818 2582 2883; x_wconf 80' lang='lat' dir='ltr'>Gesii</span> <span class='ocrx_word' id='word_1_274' title='bbox 2646 2820 2903 2903; x_wconf 85' lang='lat' dir='ltr'>medici,</span> <span class='ocrx_word' id='word_1_275' title='bbox 2968 2823 3079 2903; x_wconf 88' lang='lat' dir='ltr'>qui</span> 
     </span>
     <span class='ocr_line' id='line_1_27' title="bbox 472 2916 3077 3002; baseline 0.001 -22"><span class='ocrx_word' id='word_1_276' title='bbox 472 2938 859 2999; x_wconf 86' lang='lat' dir='ltr'>quamquam</span> <span class='ocrx_word' id='word_1_277' title='bbox 907 2916 1191 2981; x_wconf 88' lang='lat' dir='ltr'>deridere</span> <span class='ocrx_word' id='word_1_278' title='bbox 1239 2917 1487 2982; x_wconf 87' lang='lat' dir='ltr'>solebat</span> <span class='ocrx_word' id='word_1_279' title='bbox 1535 2919 1808 3000; x_wconf 79' lang='lat' dir='ltr'>sanctOS,</span> <span class='ocrx_word' id='word_1_280' title='bbox 1853 2920 2069 2980; x_wconf 90' lang='lat' dir='ltr'>tamen</span> <span class='ocrx_word' id='word_1_281' title='bbox 2123 2917 2348 2981; x_wconf 88' lang='lat' dir='ltr'>morbo</span> <span class='ocrx_word' id='word_1_282' title='bbox 2405 2918 2668 2983; x_wconf 87' lang='lat' dir='ltr'>affectus</span> <span class='ocrx_word' id='word_1_283' title='bbox 2723 2923 3077 3002; x_wconf 86' lang='lat' dir='ltr'>martyrum</span> 
     </span>
     <span class='ocr_line' id='line_1_28' title="bbox 465 3014 3078 3100; baseline 0.001 -22"><span class='ocrx_word' id='word_1_284' title='bbox 465 3015 780 3099; x_wconf 90' lang='lat' dir='ltr'>templum</span> <span class='ocrx_word' id='word_1_285' title='bbox 838 3014 1224 3100; x_wconf 72' lang='lat' dir='ltr'>adgreditur.</span> <span class='ocrx_word' id='word_1_286' title='bbox 1318 3015 1442 3079; x_wconf 84' lang='lat' dir='ltr'>Ter</span> <span class='ocrx_word' id='word_1_287' title='bbox 1502 3017 1559 3078; x_wconf 91' lang='lat' dir='ltr'><em>ei</em></span> <span class='ocrx_word' id='word_1_288' title='bbox 1622 3019 1930 3099; x_wconf 76' lang='lat' dir='ltr'>apparent</span> <span class='ocrx_word' id='word_1_289' title='bbox 1977 3014 2181 3079; x_wconf 85' lang='lat' dir='ltr'>sancti</span> <span class='ocrx_word' id='word_1_290' title='bbox 2234 3015 2526 3100; x_wconf 85' lang='lat' dir='ltr'>neglecto</span> <span class='ocrx_word' id='word_1_291' title='bbox 2582 3016 2862 3081; x_wconf 91' lang='lat' dir='ltr'>remedio</span> <span class='ocrx_word' id='word_1_292' title='bbox 2918 3018 3078 3081; x_wconf 88' lang='lat' dir='ltr'>indi-</span> 
     </span>
     <span class='ocr_line' id='line_1_29' title="bbox 469 3114 3076 3200; baseline 0.001 -23"><span class='ocrx_word' id='word_1_293' title='bbox 469 3116 638 3197; x_wconf 82' lang='lat' dir='ltr'>cato3</span> <span class='ocrx_word' id='word_1_294' title='bbox 683 3114 941 3178; x_wconf 86' lang='lat' dir='ltr'>tertiam</span> <span class='ocrx_word' id='word_1_295' title='bbox 989 3114 1262 3197; x_wconf 88' lang='lat' dir='ltr'>denique</span> <span class='ocrx_word' id='word_1_296' title='bbox 1308 3117 1458 3198; x_wconf 89' lang='lat' dir='ltr'>post</span> <span class='ocrx_word' id='word_1_297' title='bbox 1502 3118 1757 3178; x_wconf 92' lang='lat' dir='ltr'>noctem</span> <span class='ocrx_word' id='word_1_298' title='bbox 1805 3115 2053 3178; x_wconf 88' lang='lat' dir='ltr'>iussum</span> <span class='ocrx_word' id='word_1_299' title='bbox 2102 3115 2471 3196; x_wconf 83' lang='lat' dir='ltr'>exsequitur</span> <span class='ocrx_word' id='word_1_300' title='bbox 2507 3118 2700 3198; x_wconf 87' lang='lat' dir='ltr'>atque</span> <span class='ocrx_word' id='word_1_301' title='bbox 2745 3116 2820 3180; x_wconf 91' lang='grc' dir='ltr'><em>τὸ</em></span> <span class='ocrx_word' id='word_1_302' title='bbox 2860 3125 3076 3200; x_wconf 75' lang='grc' dir='ltr'><em>σᾶγμα</em></span> 
     </span>
     <span class='ocr_line' id='line_1_30' title="bbox 469 3209 3075 3300; baseline 0.002 -26"><span class='ocrx_word' id='word_1_303' title='bbox 469 3209 579 3296; x_wconf 88' lang='lat' dir='ltr'><em>(sc.</em></span> <span class='ocrx_word' id='word_1_304' title='bbox 601 3209 792 3299; x_wconf 80' lang='grc' dir='ltr'><em>ὄνου)</em></span> <span class='ocrx_word' id='word_1_305' title='bbox 822 3263 835 3275; x_wconf 94' lang='grc'><strong>.</strong></span> <span class='ocrx_word' id='word_1_306' title='bbox 867 3263 879 3275; x_wconf 93' lang='grc'><strong>.</strong></span> <span class='ocrx_word' id='word_1_307' title='bbox 906 3210 1001 3276; x_wconf 88' lang='grc' dir='ltr'><em>ἐπ’</em></span> <span class='ocrx_word' id='word_1_308' title='bbox 1032 3210 1391 3295; x_wconf 72' lang='grc' dir='ltr'><em>ὤμους”καὶ</em></span> <span class='ocrx_word' id='word_1_309' title='bbox 1421 3221 1637 3277; x_wconf 79' lang='grc' dir='ltr'><em>νῶτον</em></span> <span class='ocrx_word' id='word_1_310' title='bbox 1666 3212 1992 3297; x_wconf 91' lang='grc' dir='ltr'><em>ἀράμενος</em></span> <span class='ocrx_word' id='word_1_311' title='bbox 2018 3211 2145 3277; x_wconf 89' lang='grc' dir='ltr'><em>κάν</em></span> <span class='ocrx_word' id='word_1_312' title='bbox 2172 3219 2265 3298; x_wconf 75' lang='grc' dir='ltr'><em>τῷ</em></span> <span class='ocrx_word' id='word_1_313' title='bbox 2301 3214 2603 3300; x_wconf 75' lang='grc' dir='ltr'><em>τραχήλῳ</em></span> <span class='ocrx_word' id='word_1_314' title='bbox 2641 3212 2929 3298; x_wconf 90' lang='grc' dir='ltr'><em>φορέσας</em></span> <span class='ocrx_word' id='word_1_315' title='bbox 2957 3216 3075 3280; x_wconf 91' lang='grc' dir='ltr'><em>τὸν</em></span> 
     </span>
     <span class='ocr_line' id='line_1_31' title="bbox 462 3307 3075 3396; baseline 0.001 -24"><span class='ocrx_word' id='word_1_316' title='bbox 462 3309 742 3372; x_wconf 91' lang='grc' dir='ltr'><em>κώδωνα</em></span> <span class='ocrx_word' id='word_1_317' title='bbox 779 3307 887 3373; x_wconf 85' lang='grc' dir='ltr'><em>καὶ</em></span> <span class='ocrx_word' id='word_1_318' title='bbox 934 3310 1053 3373; x_wconf 90' lang='grc' dir='ltr'><em>τὸν</em></span> <span class='ocrx_word' id='word_1_319' title='bbox 1088 3311 1365 3393; x_wconf 86' lang='grc' dir='ltr'><em>χαλινὸν</em></span> <span class='ocrx_word' id='word_1_320' title='bbox 1412 3309 1634 3386; x_wconf 86' lang='grc' dir='ltr'><em>ἐνθεὶς</em></span> <span class='ocrx_word' id='word_1_321' title='bbox 1679 3319 1757 3394; x_wconf 77' lang='grc' dir='ltr'><em>τῆ</em></span> <span class='ocrx_word' id='word_1_322' title='bbox 1794 3316 2048 3395; x_wconf 78' lang='grc' dir='ltr'><em>κεφαλῇ</em></span> <span class='ocrx_word' id='word_1_323' title='bbox 2098 3309 2208 3374; x_wconf 87' lang='grc' dir='ltr'><em>καὶ</em></span> <span class='ocrx_word' id='word_1_324' title='bbox 2254 3320 2347 3396; x_wconf 77' lang='grc' dir='ltr'><em>τῷ</em></span> <span class='ocrx_word' id='word_1_325' title='bbox 2386 3313 2658 3394; x_wconf 89' lang='grc' dir='ltr'><em>στόματι</em></span> <span class='ocrx_word' id='word_1_326' title='bbox 2687 3321 2807 3376; x_wconf 92' lang='grc' dir='ltr'><em>τοῦ</em></span> <span class='ocrx_word' id='word_1_327' title='bbox 2836 3313 3075 3389; x_wconf 89' lang='grc' dir='ltr'><em>παιδὸς</em></span> 
     </span>
     <span class='ocr_line' id='line_1_32' title="bbox 463 3406 3074 3492; baseline 0.001 -21"><span class='ocrx_word' id='word_1_328' title='bbox 463 3407 751 3471; x_wconf 81' lang='grc' dir='ltr'><em>ὄπισθεν</em></span> <span class='ocrx_word' id='word_1_329' title='bbox 816 3407 1032 3472; x_wconf 81' lang='grc' dir='ltr'><em>εἵπετο</em></span> <span class='ocrx_word' id='word_1_330' title='bbox 1099 3407 1227 3471; x_wconf 80' lang='grc' dir='ltr'><em>ἀνὰ</em></span> <span class='ocrx_word' id='word_1_331' title='bbox 1285 3408 1359 3471; x_wconf 89' lang='grc' dir='ltr'><em>τὸ</em></span> <span class='ocrx_word' id='word_1_332' title='bbox 1421 3406 1689 3492; x_wconf 87' lang='grc' dir='ltr'><em>τέμενος</em></span> <span class='ocrx_word' id='word_1_333' title='bbox 1749 3409 2028 3490; x_wconf 75' lang='grc' dir='ltr'><em>ἄγοντος</em></span> <span class='ocrx_word' id='word_1_334' title='bbox 2085 3407 2212 3472; x_wconf 87' lang='grc' dir='ltr'><em>κάν</em></span> <span class='ocrx_word' id='word_1_335' title='bbox 2275 3409 2487 3492; x_wconf 78' lang='grc' dir='ltr'><em>τούτῳ</em></span> <span class='ocrx_word' id='word_1_336' title='bbox 2540 3411 2698 3484; x_wconf 88' lang='grc' dir='ltr'><em>τοὺς</em></span> <span class='ocrx_word' id='word_1_337' title='bbox 2754 3410 3074 3485; x_wconf 88' lang='grc' dir='ltr'><em>διαύλους</em></span> 
     </span>
     <span class='ocr_line' id='line_1_33' title="bbox 460 3499 3071 3591; baseline 0.001 -22"><span class='ocrx_word' id='word_1_338' title='bbox 460 3503 785 3580; x_wconf 90' lang='grc' dir='ltr'><em>ἀνύοντος</em></span> <span class='ocrx_word' id='word_1_339' title='bbox 834 3501 1020 3591; x_wconf 87' lang='grc' dir='ltr'><em>(δέκα</em></span> <span class='ocrx_word' id='word_1_340' title='bbox 1067 3501 1139 3568; x_wconf 73' lang='grc' dir='ltr'><em>δὲ</em></span> <span class='ocrx_word' id='word_1_341' title='bbox 1184 3499 1373 3588; x_wconf 76' lang='grc' dir='ltr'><em>ἦσαν,</em></span> <span class='ocrx_word' id='word_1_342' title='bbox 1422 3505 1511 3581; x_wconf 75' lang='grc' dir='ltr'><em>ὥς</em></span> <span class='ocrx_word' id='word_1_343' title='bbox 1557 3522 1767 3589; x_wconf 91' lang='grc' dir='ltr'><em>φασιν</em></span> <span class='ocrx_word' id='word_1_344' title='bbox 1823 3506 1893 3570; x_wconf 75' lang='grc' dir='ltr'><em>οἱ</em></span> <span class='ocrx_word' id='word_1_345' title='bbox 1941 3503 2438 3590; x_wconf 81' lang='grc' dir='ltr'><em>μετρήσαντες),</em></span> <span class='ocrx_word' id='word_1_346' title='bbox 2493 3507 2567 3569; x_wconf 90' lang='grc' dir='ltr'><em>τὸ</em></span> <span class='ocrx_word' id='word_1_347' title='bbox 2627 3506 2869 3590; x_wconf 61' lang='grc' dir='ltr'><em>ρμωρός</em></span> <span class='ocrx_word' id='word_1_348' title='bbox 2915 3508 3071 3590; x_wconf 84' lang='grc' dir='ltr'><em>εἰμι’</em></span> 
     </span>
     <span class='ocr_line' id='line_1_34' title="bbox 459 3601 3071 3688; baseline 0.002 -22"><span class='ocrx_word' id='word_1_349' title='bbox 459 3603 714 3688; x_wconf 81' lang='grc' dir='ltr'><em>κράζων</em></span> <span class='ocrx_word' id='word_1_350' title='bbox 737 3605 1106 3686; x_wconf 89' lang='grc' dir='ltr'><em>συχνότατα</em></span> <span class='ocrx_word' id='word_1_351' title='bbox 1126 3603 1230 3685; x_wconf 87' lang='grc'><em>30,</em></span> <span class='ocrx_word' id='word_1_352' title='bbox 1251 3601 1426 3667; x_wconf 92' lang='grc'><em>3520</em></span> <span class='ocrx_word' id='word_1_353' title='bbox 1435 3601 1513 3668; x_wconf 92' lang='grc' dir='ltr'><em>Α.</em></span> <span class='ocrx_word' id='word_1_354' title='bbox 1552 3603 1695 3667; x_wconf 85' lang='grc' dir='ltr'><strong>Ηο6</strong></span> <span class='ocrx_word' id='word_1_355' title='bbox 1712 3603 1828 3666; x_wconf 88' lang='lat' dir='ltr'>ubi</span> <span class='ocrx_word' id='word_1_356' title='bbox 1845 3607 2255 3686; x_wconf 87' lang='lat' dir='ltr'>praeceptum</span> <span class='ocrx_word' id='word_1_357' title='bbox 2277 3603 2660 3688; x_wconf 82' lang='lat' dir='ltr'>observavit,</span> <span class='ocrx_word' id='word_1_358' title='bbox 2679 3608 2936 3668; x_wconf 89' lang='lat' dir='ltr'>sanatus</span> <span class='ocrx_word' id='word_1_359' title='bbox 2958 3608 3071 3670; x_wconf 86' lang='lat' dir='ltr'>est.</span> 
     </span>
    </p>

    <p class='ocr_par' dir='ltr' id='par_1_4' title="bbox 457 3699 3072 4280">
     <span class='ocr_line' id='line_1_35' title="bbox 636 3699 3072 3785; baseline 0.001 -21"><span class='ocrx_word' id='word_1_360' title='bbox 636 3699 753 3764; x_wconf 87' lang='lat' dir='ltr'><em>Nil</em></span> <span class='ocrx_word' id='word_1_361' title='bbox 797 3699 1199 3765; x_wconf 89' lang='lat' dir='ltr'>adiciendum</span> <span class='ocrx_word' id='word_1_362' title='bbox 1247 3722 1385 3765; x_wconf 86' lang='lat' dir='ltr'>esse</span> <span class='ocrx_word' id='word_1_363' title='bbox 1421 3706 1738 3785; x_wconf 61' lang='lat' dir='ltr'>putamus„</span> <span class='ocrx_word' id='word_1_364' title='bbox 1812 3699 2100 3785; x_wconf 90' lang='lat' dir='ltr'>Apparet</span> <span class='ocrx_word' id='word_1_365' title='bbox 2138 3699 2375 3784; x_wconf 84' lang='lat' dir='ltr'>Cyrum</span> <span class='ocrx_word' id='word_1_366' title='bbox 2424 3705 2488 3765; x_wconf 92' lang='lat' dir='ltr'><em>et</em></span> <span class='ocrx_word' id='word_1_367' title='bbox 2532 3699 2836 3766; x_wconf 88' lang='lat' dir='ltr'>Ioannem</span> <span class='ocrx_word' id='word_1_368' title='bbox 2881 3703 3072 3785; x_wconf 91' lang='lat' dir='ltr'>plane</span> 
     </span>
     <span class='ocr_line' id='line_1_36' title="bbox 461 3796 3071 3883; baseline 0.001 -21"><span class='ocrx_word' id='word_1_369' title='bbox 461 3798 683 3862; x_wconf 90' lang='lat' dir='ltr'>eodem</span> <span class='ocrx_word' id='word_1_370' title='bbox 741 3798 933 3863; x_wconf 91' lang='lat' dir='ltr'>modo</span> <span class='ocrx_word' id='word_1_371' title='bbox 996 3821 1122 3882; x_wconf 90' lang='lat' dir='ltr'><em>quo</em></span> <span class='ocrx_word' id='word_1_372' title='bbox 1182 3796 1480 3863; x_wconf 83' lang='lat' dir='ltr'>Cosmam</span> <span class='ocrx_word' id='word_1_373' title='bbox 1537 3803 1600 3862; x_wconf 91' lang='lat' dir='ltr'><em>et</em></span> <span class='ocrx_word' id='word_1_374' title='bbox 1662 3798 2050 3863; x_wconf 84' lang='lat' dir='ltr'>Damianum</span> <span class='ocrx_word' id='word_1_375' title='bbox 2108 3822 2224 3883; x_wconf 90' lang='lat' dir='ltr'>per</span> <span class='ocrx_word' id='word_1_376' title='bbox 2285 3799 2762 3864; x_wconf 88' lang='lat' dir='ltr'>incubationem</span> <span class='ocrx_word' id='word_1_377' title='bbox 2818 3821 3071 3866; x_wconf 80' lang='lat' dir='ltr'>curasse</span> 
     </span>
     <span class='ocr_line' id='line_1_37' title="bbox 458 3895 3070 3985; baseline 0.001 -25"><span class='ocrx_word' id='word_1_378' title='bbox 458 3901 773 3981; x_wconf 81' lang='lat' dir='ltr'>aegrotos,</span> <span class='ocrx_word' id='word_1_379' title='bbox 837 3895 1206 3981; x_wconf 87' lang='lat' dir='ltr'>Aesculapii</span> <span class='ocrx_word' id='word_1_380' title='bbox 1234 3898 1471 3961; x_wconf 87' lang='lat' dir='ltr'>iamata</span> <span class='ocrx_word' id='word_1_381' title='bbox 1498 3897 1604 3960; x_wconf 87' lang='lat' dir='ltr'>hic</span> <span class='ocrx_word' id='word_1_382' title='bbox 1641 3918 1895 3979; x_wconf 90' lang='lat' dir='ltr'>quoque</span> <span class='ocrx_word' id='word_1_383' title='bbox 1925 3897 2179 3980; x_wconf 86' lang='lat' dir='ltr'>saepius</span> <span class='ocrx_word' id='word_1_384' title='bbox 2207 3897 2330 3961; x_wconf 92' lang='lat' dir='ltr'>tibi</span> <span class='ocrx_word' id='word_1_385' title='bbox 2359 3899 2620 3962; x_wconf 83' lang='lat' dir='ltr'>veniant</span> <span class='ocrx_word' id='word_1_386' title='bbox 2656 3898 2725 3962; x_wconf 89' lang='lat' dir='ltr'>in</span> <span class='ocrx_word' id='word_1_387' title='bbox 2761 3902 3070 3985; x_wconf 83' lang='lat' dir='ltr'>mentem3</span> 
     </span>
     <span class='ocr_line' id='line_1_38' title="bbox 458 3994 3072 4081; baseline 0.001 -22"><span class='ocrx_word' id='word_1_388' title='bbox 458 3998 849 4078; x_wconf 87' lang='lat' dir='ltr'>quantopere</span> <span class='ocrx_word' id='word_1_389' title='bbox 893 3994 1000 4059; x_wconf 88' lang='lat' dir='ltr'>hic</span> <span class='ocrx_word' id='word_1_390' title='bbox 1044 3995 1388 4060; x_wconf 88' lang='lat' dir='ltr'>incubandi</span> <span class='ocrx_word' id='word_1_391' title='bbox 1433 4017 1588 4059; x_wconf 89' lang='lat' dir='ltr'>usus</span> <span class='ocrx_word' id='word_1_392' title='bbox 1627 4016 1772 4057; x_wconf 90' lang='lat' dir='ltr'><em>cum</em></span> <span class='ocrx_word' id='word_1_393' title='bbox 1818 3998 2107 4059; x_wconf 82' lang='lat' dir='ltr'>veterum</span> <span class='ocrx_word' id='word_1_394' title='bbox 2154 3994 2441 4058; x_wconf 88' lang='lat' dir='ltr'>moribus</span> <span class='ocrx_word' id='word_1_395' title='bbox 2487 4000 2816 4081; x_wconf 85' lang='lat' dir='ltr'>congruat,</span> <span class='ocrx_word' id='word_1_396' title='bbox 2863 3997 3072 4062; x_wconf 89' lang='lat' dir='ltr'>elucet</span> 
     </span>
     <span class='ocr_line' id='line_1_39' title="bbox 457 4088 3070 4180; baseline 0.003 -26"><span class='ocrx_word' id='word_1_397' title='bbox 457 4091 775 4175; x_wconf 87' lang='lat' dir='ltr'>imprimis</span> <span class='ocrx_word' id='word_1_398' title='bbox 814 4114 847 4154; x_wconf 94' lang='lat' dir='ltr'>e</span> <span class='ocrx_word' id='word_1_399' title='bbox 885 4093 1024 4156; x_wconf 91' lang='lat' dir='ltr'>mir.</span> <span class='ocrx_word' id='word_1_400' title='bbox 1063 4092 1168 4175; x_wconf 82' lang='lat'><em>27,</em></span> <span class='ocrx_word' id='word_1_401' title='bbox 1197 4091 1374 4156; x_wconf 85' lang='grc'><strong>3500</strong></span> <span class='ocrx_word' id='word_1_402' title='bbox 1392 4091 1478 4156; x_wconf 89' lang='lat' dir='ltr'><em>A:</em></span> <span class='ocrx_word' id='word_1_403' title='bbox 1526 4095 1730 4175; x_wconf 79' lang='grc' dir='ltr'><em>γνοὺς</em></span> <span class='ocrx_word' id='word_1_404' title='bbox 1768 4088 1844 4156; x_wconf 76' lang='grc' dir='ltr'><em>δὲ</em></span> <span class='ocrx_word' id='word_1_405' title='bbox 1887 4093 2137 4168; x_wconf 91' lang='grc' dir='ltr'><em>πάντας</em></span> <span class='ocrx_word' id='word_1_406' title='bbox 2176 4092 2264 4168; x_wconf 83' lang='grc' dir='ltr'><em>ὡς</em></span> <span class='ocrx_word' id='word_1_407' title='bbox 2303 4090 2503 4158; x_wconf 76' lang='grc' dir='ltr'><em>οὐδὲν</em></span> <span class='ocrx_word' id='word_1_408' title='bbox 2537 4095 2702 4180; x_wconf 89' lang='grc' dir='ltr'><em>πρὸς</em></span> <span class='ocrx_word' id='word_1_409' title='bbox 2737 4095 2811 4159; x_wconf 92' lang='grc' dir='ltr'><em>τὸ</em></span> <span class='ocrx_word' id='word_1_410' title='bbox 2850 4097 3070 4173; x_wconf 89' lang='grc' dir='ltr'><em>πάθος</em></span> 
     </span>
     <span class='ocr_line' id='line_1_40' title="bbox 460 4186 3066 4280; baseline 0.002 -27"><span class='ocrx_word' id='word_1_411' title='bbox 460 4190 810 4273; x_wconf 85' lang='grc' dir='ltr'><em>ἰσχύουσιν</em></span> <span class='ocrx_word' id='word_1_412' title='bbox 866 4186 976 4252; x_wconf 82' lang='grc' dir='ltr'><em>καὶ</em></span> <span class='ocrx_word' id='word_1_413' title='bbox 1035 4188 1373 4271; x_wconf 79' lang='grc' dir='ltr'><em>ἀπογνοὺς</em></span> <span class='ocrx_word' id='word_1_414' title='bbox 1429 4190 1504 4254; x_wconf 93' lang='grc' dir='ltr'><em>τὸ</em></span> <span class='ocrx_word' id='word_1_415' title='bbox 1564 4188 1678 4255; x_wconf 85' lang='grc' dir='ltr'><em>ὑπ’</em></span> <span class='ocrx_word' id='word_1_416' title='bbox 1744 4190 1966 4255; x_wconf 82' lang='grc' dir='ltr'><em>αὐτῶν</em></span> <span class='ocrx_word' id='word_1_417' title='bbox 2033 4195 2446 4278; x_wconf 91' lang='grc' dir='ltr'><em>λυτροῦσθαι</em></span> <span class='ocrx_word' id='word_1_418' title='bbox 2500 4191 2609 4256; x_wconf 87' lang='grc' dir='ltr'><em>καὶ</em></span> <span class='ocrx_word' id='word_1_419' title='bbox 2674 4190 3066 4280; x_wconf 55' lang='grc' dir='ltr'><em>σώζεσθαιῑ)</em></span> 
     </span>
    </p>
   </div>
   <div class='ocr_carea' id='block_1_3' title="bbox 457 4351 883 4362">
    <p class='ocr_par' dir='ltr' id='par_1_5' title="bbox 457 4351 883 4362">
     <span class='ocr_line' id='line_1_41' title="bbox 457 4351 883 4362; baseline 0 902"><span class='ocrx_word' id='word_1_420' title='bbox 457 4351 883 4362; x_wconf 95' lang='lat' dir='ltr'><em> </em></span> 
     </span>
    </p>
   </div>
   <div class='ocr_carea' id='block_1_4' title="bbox 455 4451 3064 4764">
    <p class='ocr_par' dir='ltr' id='par_1_6' title="bbox 637 4451 3063 4526">
     <span class='ocr_line' id='line_1_42' title="bbox 637 4451 3063 4526; baseline 0.002 -21"><span class='ocrx_word' id='word_1_421' title='bbox 637 4452 687 4521; x_wconf 93' lang='grc'><strong>1)</strong></span> <span class='ocrx_word' id='word_1_422' title='bbox 744 4451 811 4506; x_wconf 89' lang='lat' dir='ltr'><em>cf.</em></span> <span class='ocrx_word' id='word_1_423' title='bbox 860 4470 914 4521; x_wconf 92' lang='lat' dir='ltr'><em>p.</em></span> <span class='ocrx_word' id='word_1_424' title='bbox 961 4458 1044 4519; x_wconf 84' lang='lat'><em>70,</em></span> <span class='ocrx_word' id='word_1_425' title='bbox 1067 4456 1113 4507; x_wconf 88' lang='lat'><em>5.</em></span> <span class='ocrx_word' id='word_1_426' title='bbox 1206 4453 1251 4505; x_wconf 89' lang='lat' dir='ltr'><strong>E</strong></span> <span class='ocrx_word' id='word_1_427' title='bbox 1316 4453 1446 4522; x_wconf 84' lang='lat' dir='ltr'>Cyri</span> <span class='ocrx_word' id='word_1_428' title='bbox 1518 4454 1855 4523; x_wconf 87' lang='lat' dir='ltr'>Ioannisque</span> <span class='ocrx_word' id='word_1_429' title='bbox 1919 4454 2206 4509; x_wconf 85' lang='lat' dir='ltr'>miraculis</span> <span class='ocrx_word' id='word_1_430' title='bbox 2269 4473 2371 4526; x_wconf 89' lang='lat' dir='ltr'><em>pro</em></span> <span class='ocrx_word' id='word_1_431' title='bbox 2436 4455 2632 4511; x_wconf 88' lang='lat' dir='ltr'>multis</span> <span class='ocrx_word' id='word_1_432' title='bbox 2697 4456 3063 4512; x_wconf 85' lang='lat' dir='ltr'>exscribimus</span> 
     </span>
    </p>

    <p class='ocr_par' dir='ltr' id='par_1_7' title="bbox 455 4531 3063 4605">
     <span class='ocr_line' id='line_1_43' title="bbox 455 4531 3063 4605; baseline 0.001 -18"><span class='ocrx_word' id='word_1_433' title='bbox 455 4539 544 4602; x_wconf 84' lang='lat'><em>42,</em></span> <span class='ocrx_word' id='word_1_434' title='bbox 574 4532 808 4587; x_wconf 81' lang='lat' dir='ltr'><strong>3584D:</strong></span> <span class='ocrx_word' id='word_1_435' title='bbox 847 4531 1028 4603; x_wconf 81' lang='grc' dir='ltr'><em>λέγειν</em></span> <span class='ocrx_word' id='word_1_436' title='bbox 1067 4531 1130 4586; x_wconf 81' lang='grc' dir='ltr'><em>δὲ</em></span> <span class='ocrx_word' id='word_1_437' title='bbox 1167 4531 1336 4588; x_wconf 88' lang='grc' dir='ltr'><em>πάλιν</em></span> <span class='ocrx_word' id='word_1_438' title='bbox 1373 4533 1470 4588; x_wconf 79' lang='grc' dir='ltr'><em>καὶ</em></span> <span class='ocrx_word' id='word_1_439' title='bbox 1508 4533 1598 4588; x_wconf 81' lang='grc' dir='ltr'><em>ἐπὶ</em></span> <span class='ocrx_word' id='word_1_440' title='bbox 1635 4535 1835 4589; x_wconf 86' lang='grc' dir='ltr'><em>τούτου</em></span> <span class='ocrx_word' id='word_1_441' title='bbox 1871 4543 1971 4589; x_wconf 87' lang='grc' dir='ltr'><em>τοῦ</em></span> <span class='ocrx_word' id='word_1_442' title='bbox 2009 4535 2319 4605; x_wconf 83' lang='grc' dir='ltr'><em>νοσήματος</em></span> <span class='ocrx_word' id='word_1_443' title='bbox 2362 4546 2473 4592; x_wconf 83' lang='grc' dir='ltr'><em>τῶν</em></span> <span class='ocrx_word' id='word_1_444' title='bbox 2512 4537 2718 4605; x_wconf 84' lang='grc' dir='ltr'><em>ἰατρῶν</em></span> <span class='ocrx_word' id='word_1_445' title='bbox 2753 4536 2855 4605; x_wconf 84' lang='grc' dir='ltr'><em>τὴν</em></span> <span class='ocrx_word' id='word_1_446' title='bbox 2892 4534 3063 4590; x_wconf 83' lang='grc' dir='ltr'><em>ἀσθέ-</em></span> 
     </span>
    </p>

    <p class='ocr_par' dir='ltr' id='par_1_8' title="bbox 455 4607 3064 4764">
     <span class='ocr_line' id='line_1_44' title="bbox 455 4607 3064 4762; baseline 0.002 -96"><span class='ocrx_word' id='word_1_447' title='bbox 455 4632 616 4762; x_wconf 46' lang='lat' dir='ltr'>gemin!</span> <span class='ocrx_word' id='word_1_448' title='bbox 654 4613 727 4675; x_wconf 84' lang='grc' dir='ltr'><em>ὡς</em></span> <span class='ocrx_word' id='word_1_449' title='bbox 762 4620 934 4712; x_wconf 59' lang='grc' dir='ltr'><em>πᾷσιν</em></span> <span class='ocrx_word' id='word_1_450' title='bbox 972 4607 1148 4667; x_wconf 76' lang='grc' dir='ltr'><em>οὖσαν</em></span> <span class='ocrx_word' id='word_1_451' title='bbox 1187 4613 1529 4670; x_wconf 81' lang='grc' dir='ltr'><em>εὐσύνοπτον</em></span> <span class='ocrx_word' id='word_1_452' title='bbox 1565 4613 2002 4686; x_wconf 85' lang='grc' dir='ltr'><em>παραιτήσομαι·</em></span> <span class='ocrx_word' id='word_1_453' title='bbox 2043 4616 2180 4686; x_wconf 83' lang='grc' dir='ltr'><em>δήλη</em></span> <span class='ocrx_word' id='word_1_454' title='bbox 2219 4616 2324 4687; x_wconf 74' lang='grc' dir='ltr'><em>γὰρ</em></span> <span class='ocrx_word' id='word_1_455' title='bbox 2365 4615 2505 4687; x_wconf 82' lang='grc' dir='ltr'><em>αὕτη</em></span> <span class='ocrx_word' id='word_1_456' title='bbox 2543 4614 2917 4686; x_wconf 83' lang='grc' dir='ltr'><em>καθέστηκεν,</em></span> <span class='ocrx_word' id='word_1_457' title='bbox 2955 4614 3064 4673; x_wconf 70' lang='grc' dir='ltr'><em>κᾶν</em></span> 
     </span>
     <span class='ocr_line' id='line_1_45' title="bbox 493 4711 1022 4764; baseline 0.004 -17"><span class='ocrx_word' id='word_1_458' title='bbox 493 4711 612 4762; x_wconf 82' lang='grc' dir='ltr'><em>μεις</em></span> <span class='ocrx_word' id='word_1_459' title='bbox 648 4711 1022 4764; x_wconf 85' lang='grc' dir='ltr'><em>σιωπησωμεν.</em></span> 
     </span>
    </p>
   </div>
  </div>
 </body>
</html>
